@string{ACTS            = "Advanced Communications Technologies and Services (ACTS) Mobile Communication Summit"}
@string{ACTS_1996       = "Proc.\ 1st~" # ACTS}
@string{ASPLOS          = "ACM International Conference on Architectural Support for Programming Languages and Operating Systems (ASPLOS)"}
@string{ASPLOS_1996     = "Proc.\ 7th ASPLOS"}
@string{ASPLOS_2000     = "Proc.\ 9th ASPLOS"}
@string{BCR             = "Business Communications Review"}
@string{BSDCON_2003     = "BSDCon '03"}
@string{CACM            = "Communications of the ACM"}
@string{COMPUTER        = "IEEE Computer"}
@string{COMPUTER_NET    = "Computer Networks"}
@string{CCR             = "ACM SIGCOMM Computer Communication Review"}
@string{CCS_2008        = "Proc.\ 15th ACM Conference on Computer and Communications Security"}
@string{DANCE           = "Proc.\ DARPA Active Networks Conference and Exposition"}
@string{DANCE_2002      = DANCE # "\ (DANCE 2002)"}
@string{EWSCDA_1998     = "Proc.\ 8th ACM SIGOPS European Workshop on Support for Composing Distributed Applications"}
@string{HOTI            = "A symposium on high performance interconnects"}
@string{HOTI_1999       = "Hot Interconnects 7:\ " # HOTI}
@string{HOTNETS_2002    = "Proc.\ HotNets--I"}
@string{HOTNETS_2003    = "Proc.\ HotNets--II"}
@string{HOTOS           = "Workshop on Hot Topics in Operating Systems"}
@string{HOTOS_1999      = "Proc.\ 7th~" # HOTOS # " (HotOS--VII)"}
@string{HOTOS_2001      = "Proc.\ 8th~" # HOTOS # " (HotOS--VIII)"}
@string{ICC             = "Proc.\ IEEE International Conference on Communications"}
@string{ICC_2002        = ICC # "\ (ICC 2002)"}
@string{ICFP            = "SIGPLAN International Conference on Functional Programming Languages"}
@string{ICFP_1998       = "Proc.\ 3rd ACM\ " # ICFP}
@string{ICDCS           = "International Conference on Distributed Computing Systems (ICDCS)"}
@string{ICDCS_1988      = "Proc.\ 8th ICDCS"}
@string{ICDCS_2000      = "Proc.\ 20th ICDCS"}
@string{ICNP            = "IEEE International Conference on Networking Protocols"}
@string{ICNP_2003       = "Proc.\ 11th ICNP"}
@string{ICS             = "ACM International Conference on Supercomputing"}
@string{ICS_1990        = "Proc.\ 4th~" # ICS}
@string{ICMCS_1994      = "Int.\ Conf.\ Multimedia Computing \& Systems"}
@string(IJPDSN          = "International Journal of Parallel and Distributed Systems and Networks")
@string{INFOCOM_2000    = "Proc.\ INFOCOM 2000"}
@string{INFOCOM_2002    = "Proc.\ INFOCOM 2002"}
@string{IPTPS_2002      = "Proc.\ 1st Int.\ Workshop on Peer-to-Peer Systems (IPTPS'02)"}
@string{ISCA            = "Annual ACM/IEEE International Symposium on Computer Architecture (ISCA)"}
@string{ISCA_1998       = "Proc.\ 25th~" # ISCA}
@string{JSAC            = "IEEE J.\ Sel.\ Areas Comm."}
@string{LISA            = "Systems Administration Conference"}
@string{LISA_1990       = "Proc.\ 11th~" # LISA # "\ (LISA '90)"}
@string{LISA_1997       = "Proc.\ 11th~" # LISA # "\ (LISA '97)"}
@string{LISA_1998       = "Proc.\ 11th~" # LISA # "\ (LISA '98)"}
@string{LISA_2000       = "Proc.\ 14th~" # LISA # "\ (LISA '00)"}
@string{LISA_2007       = "Proc.\ 21th~" # LISA # "\ (LISA '07)"}
@string{MICRO           = "IEEE Micro"}
@string{MIDDLEWARE      = "IFIP/ACM International Conference on Distributed Systems Platforms"}
@string{MIDDLEWARE_2001 = "Proc.\ 18th Middleware"}
@string{MUG             = "Myrinet User Group Conference"}
@string{MUG_2000        = "Proc.\ First~" # MUG # "\ (MUG 2000)"}
@string{NOSSDAV         = "Network and Operating System Support for Digital Audio and Video (NOSSDAV)"}
@string{NOSSDAV_1997    = "Proc.\ 7th International Workshop on\ " # NOSSDAV}
@string{NOSSDAV_1998    = "Proc.\ 8th International Workshop on\ " # NOSSDAV}
@string{OLS             = "Ottawa Linux Symposium"}
@string{OLS_2003        = "Proc.\ OLS 2003"}
@string{OPENARCH        = "International Conference on Open Architectures and Network Programming (OPENARCH)"}
@string{OPENARCH_2001   = "Proc.\ 4th~" # OPENARCH}
@string{OPENARCH_2002   = "Proc.\ 5th~" # OPENARCH}
@string{OSDI            = "Operating System Design and Implementation (OSDI)"}
@string{OSDI_1994       = "Proc.\ 1st OSDI"}
@string{OSDI_1996       = "Proc.\ 2nd OSDI"}
@string{OSDI_1999       = "Proc.\ 3rd OSDI"}
@string{OSDI_2002       = "Proc.\ 5th OSDI"}
@string{NSDI_2004       = "Proc.\ 1st NSDI"}
@string{NSDI_2005       = "Proc.\ 2nd NSDI"}
@string{NSDI_2006       = "Proc.\ 3rd NSDI"}
@string{OSR             = "Operating Systems Review"}
@string{PERVASIVE       = "International Conference on Pervasive Computing"}
@string{PERVASIVE_2002  = "Proc.\ Pervasive 2002"}
@string{NETWORKING      = "International IFIP--TC6 Networking Conference"}
@string{NETWORKING_2002 = "Proc.\ 2nd~" # NETWORKING # "\ (NETWORKING 2002)"}
@string{SANE_2000       = "Proc.\ 2nd Int.\ SANE Conf."}
@string{RFC             = "Internet Req.\ for Cmts."}
@string{SIGCOMM_1988    = "Proc.\ SIGCOMM '88"}
@string{SIGCOMM_1992    = "Proc.\ SIGCOMM '92"}
@string{SIGCOMM_1994    = "Proc.\ SIGCOMM '94"}
@string{SIGCOMM_1996    = "Proc.\ SIGCOMM '96"}
@string{SIGCOMM_1997    = "Proc.\ SIGCOMM '97"}
@string{SIGCOMM_1998    = "Proc.\ SIGCOMM '98"}
@string{SIGCOMM_1999    = "Proc.\ SIGCOMM '99"}
@string{SIGCOMM_2001    = "Proc.\ SIGCOMM 2001"}
@string{SIGMETRICS      = "Proc.\ SIGMETRICS\ "}
@string{SIGMETRICS_2000 = SIGMETRICS # "2000"}
@string{SIGMETRICS_2001 = SIGMETRICS # "2001"}
@string{SOSP            = "Symposium on Operating Systems Principles (SOSP)"}
@string{SOSP_1995       = "Proc.\ 15th SOSP"}
@string{SOSP_1999       = "Proc.\ 17th SOSP"}
@string{SOSP_2001       = "Proc.\ 18th SOSP"}
@string{SOSP_2003       = "Proc.\ 19th SOSP"}
@string{TOCS            = "ACM Transactions on Computer Systems"}
@string{TON             = "IEEE/ACM Transactions on Networking"}
@string{USENIX          = "USENIX Annual Technical Conference"}
@string{USENIX_SEC      = "USENIX Security Symposium"}
@string{USENIX_2005     = "Proc.\ USENIX '05"}
@string{USENIX_2004     = "Proc.\ USENIX '04"}
@string{USENIX_2002     = "Proc.\ USENIX '02"}
@string{USENIX_1996     = "Proc.\ USENIX '96"}
@string{USS_1999        = "Proc.\ 8th " # USENIX_SEC}
@string{USS_2002        = "Proc.\ 11th " # USENIX_SEC}
@string{USS_2003        = "Proc.\ 12th " # USENIX_SEC}
@string{USITS           = "USENIX Symposium on Internet Technologies"}
@string{USITS_2003      = "Proc.\ 4th USITS"}
@string{WISP            = "Workshop on Internet Server Performance"}
@string{WISP_1998       =" Proc.\ " # WISP # " 1998"}
@string{WORLDS_2004     ="Proc. of the 1st Workshop on Real, Large Distributed Systems"}
@string{WORLDS_2005     ="Proc. of the 2nd Workshop on Real, Large Distributed Systems"}
@string{WSS             = "USENIX Windows Sys.\ Symp."}
@string{WSS_2000        = "Proc.\ 4th~" # WSS}
@string{WWOS            = "Workshop on Workstation Operating Systems"}
@string{WWOS_1992       = "Proc.\ 3rd " # WWOS}

@string{ALASKA          = "AK"}
@string{ARIZONA         = "AZ"}
@string{CALIFORNIA      = "CA"}
@string{COLORADO        = "CO"}
@string{GEORGIA         = "GA"}
@string{LOUISIANA       = "LA"}
@string{MARYLAND        = "MD"}
@string{MASSACHUSETTS   = "MA"}
@string{MISSOURI        = "MO"}
@string{NEW_JERSEY      = "NJ"}
@string{NEW_MEXICO      = "NM"}
@string{NEW_YORK        = "NY"}
@string{OREGON          = "OR"}
@string{PENNSYLVANIA    = "PA"}
@string{SOUTH_CAROLINA  = "SC"}
@string{TEXAS           = "TX"}
@string{WASHINGTON      = "WA"}
@string{WISCONSIN       = "WI"}

@string{BOSTON               = "Boston,\ " # MASSACHUSETTS}
@string{SAN_FRANCISCO        = "San Francisco,\ " # CALIFORNIA}
@string{WASHINGTON_DC        = "Washington,\ DC"}

@string{ACTS_1996_ADDR       = "Granada, Spain"}
@string{ASPLOS_1996_ADDR     = "Cambridge,\ " # MASSACHUSETTS}
@string{ASPLOS_2000_ADDR     = "Cambridge,\ " # MASSACHUSETTS}
@string{DANCE_2002_ADDR      = SAN_FRANCISCO}
@string{EWSCDA_1998_ADDR     = "Sintra, Portugal"}
@string{HOTI_1999_ADDR       = "Stanford,\ " # CALIFORNIA}
@string{HOTNETS_2002_ADDR    = "Princeton,\ " # NEW_JERSEY}
@string{HOTNETS_2003_ADDR    = "Cambridge,\ " # MASSACHUSETTS}
@string{HOTOS_1999_ADDR      = "Rio Rico,\ " # ARIZONA}
@string{HOTOS_2001_ADDR      = "Oberbayern, Germany"}
@string{ICFP_1998_ADDR       = "Baltimore,\ " # MARYLAND}
@string{ICDCS_1988_ADDR      = "San Jose,\ " # CALIFORNIA}
@string{ICDCS_2000_ADDR      = "Taipei, Taiwan"}
@string{ICC_2002_ADDR        = "New York City"}
@string{ICMCS_1994_ADDR      = "Boston,\ " # MASSACHUSETTS}
@string{ICNP_2003_ADDR       = "Atlanta,\ " # GEORGIA}
@string{ICS_2002_ADDR        = "New York City"}
@string{ICS_1988_ADDR        = "Saint Malo, France"}
@string{ICS_1989_ADDR        = "Crete, Greece"}
@string{ICS_1990_ADDR        = "Amsterdam, The Netherlands"}
@string{ICS_1991_ADDR        = "Cologne, West Germany"}
@string{ICS_1992_ADDR        = "Washington, DC"}
@string{ICS_1993_ADDR        = "Tokyo, Japan"}
@string{ICS_1994_ADDR        = "Manchester, England"}
@string{ICS_1995_ADDR        = "Barcelona, Spain"}
@string{ICS_1996_ADDR        = "Philadelphia,\ " # PENNSYLVANIA}
@string{ICS_1997_ADDR        = "Vienna, Austria"}
@string{ICS_1998_ADDR        = "Melbourne, Australia"}
@string{ICS_1999_ADDR        = "Rhodes, Greece"}
@string{ICS_2000_ADDR        = "Santa Fe,\ " # NEW_MEXICO}
@string{ICS_2001_ADDR        = "Sorrento, Italy"}
@string{INFOCOM_2000_ADDR    = "Tel-Aviv, Israel"}
@string{INFOCOM_2002_ADDR    = "New York City"}
@string{IPTPS_2002_ADDR      = "Cambridge,\ " # MASSACHUSETTS}
@string{ISCA_1998_ADDR       = "Barcelona, Spain"}
@string{LISA_1997_ADDR       = "San Diego,\ " # CALIFORNIA}
@string{LISA_2007_ADDR       = "Dallas,\ " # TEXAS}
@string{MIDDLEWARE_2001_ADDR = "Heidelberg, Germany"}
@string{MUG_2000_ADDR        = "Lyon, France"}
@string{NETWORKING_2002_ADDR = "Pisa, Italy"}
@string{NOSSDAV_1997_ADDR    = "St.~Louis,\ " # MISSOURI}
@string{NOSSDAV_1998_ADDR    = "Cambridge, UK"}
@string{OLS_ADDR             = "Ottawa, Ontario, Canada"}
@string{OPENARCH_2001_ADDR   = "Anchorage,\ " # ALASKA}
@string{OPENARCH_2002_ADDR   = "New York City"}
@string{OSDI_1994_ADDR       = "Monterey,\ " # CALIFORNIA}
@string{OSDI_1996_ADDR       = "Seattle,\ " # WASHINGTON}
@string{OSDI_1999_ADDR       = "New Orleans,\ " # LOUISIANA}
@string{OSDI_2002_ADDR       = "Boston,\ " # MASSACHUSETTS}
@string{NSDI_2004_ADDR       = "San Francisco,\ " # CALIFORNIA}
@string{NSDI_2005_ADDR       = "Boston,\ " # MASSACHUSETTS}
@string{NSDI_2006_ADDR       = "San Jose,\ " # CALIFORNIA}
@string{PERVASIVE_2002_ADDR  = "Zurich, Switzerland"}
@string{SANE_2000_ADDR       = "Maastricht, The Netherlands"}
@string{SIGCOMM_1988_ADDR    = "Stanford,\ " # CALIFORNIA}
@string{SIGCOMM_1992_ADDR    = "Baltimore,\ " # MARYLAND}
@string{SIGCOMM_1994_ADDR    = "London"}
@string{SIGCOMM_1996_ADDR    = "Stanford,\ " # CALIFORNIA}
@string{SIGCOMM_1997_ADDR    = "Cannes, France"}
@string{SIGCOMM_1998_ADDR    = "Vancouver, British Columbia, Canada"}
@string{SIGCOMM_1999_ADDR    = "Cambridge,\ " # MASSACHUSETTS}
@string{SIGCOMM_2001_ADDR    = "San Diego,\ " # CALIFORNIA}
@string{SIGMETRICS_2000_ADDR = "Santa Clara,\ " # CALIFORNIA}
@string{SIGMETRICS_2001_ADDR = "Cambridge,\ " # MASSACHUSETTS}
@string{SOSP_1995_ADDR       = "Copper Mountain Resort,\ " # COLORADO}
@string{SOSP_1999_ADDR       = "Kiawah Island Resort,\ " # SOUTH_CAROLINA}
@string{SOSP_2001_ADDR       = "Banff, Alberta, Canada"}
@string{SOSP_2003_ADDR       = "Lake George,\ " # NEW_YORK}
@string{USENIX_2005_ADDR     = "Anaheim,\ " # CALIFORNIA}
@string{USENIX_2004_ADDR     = "Boston,\ " # MASSACHUSETTS}
@string{USITS_2003_ADDR      = "Seattle,\ " # WASHINGTON}
@string{WISP_1998_ADDR       = "Madison,\ " # WISCONSIN}
@string{WSS_2000_ADDR        = "Seattle,\ " # WASHINGTON}

@string{JANUARY    = "Jan"}
@string{FEBRUARY   = "Feb"}
@string{MARCH      = "Mar"}
@string{APRIL      = "Apr"}
@string{MAY        = "May"}
@string{JUNE       = "Jun"}
@string{JULY       = "Jul"}
@string{AUGUST     = "Aug"}
@string{SEPTEMBER  = "Sep"}
@string{OCTOBER    = "Oct"}
@string{NOVEMBER   = "Nov"}
@string{DECEMBER   = "Dec"}




@InProceedings{Alexander_SIGCOMM_1997,
   Author       = "D. Scott Alexander and Marianne Shaw and Scott M. Nettles
                   and Jonathan M. Smith",
   Title        = "{Active Bridging}",
   Booktitle    = SIGCOMM_1997,
   Address      = SIGCOMM_1997_ADDR,
   Pages        = "101--111",
   Month        = SEPTEMBER,
   Year         = 1997
}


@Manual{ACEnic_DS,
   Title        = "{{ACEnic} Server-Optimized 10/100/1000 Mbps Ethernet
                    Adapters Datasheet}",
   Organization = "{Alteon WebSystems, Inc.}",
   Address      = "San Jose,\ " # CALIFORNIA,
   Month        = AUGUST,
   Year         = 1999
}


@InProceedings{Alverson_ICS_1990,
   Author       = "R. Alverson and D. Callahan and D. Cummings and B. Koblenz
                   and A. Poterfield and B. Smith",
   Title        = "{The Tera Computer System}",
   Booktitle    = ICS_1990,
   Address      = ICS_1990_ADDR,
   Pages        = "1--6",
   Month        = JUNE,
   Year         = 1990
}


@InProceedings{Andersen_SOSP_2001,
   Author       = "David Andersen and Hari Balakrishnan and Frans Kaashoek
                   and Robert Morris",
   Title        = "{Resilient Overlay Networks}",
   Booktitle    = SOSP_2001,
   Address      = SOSP_2001_ADDR,
   Pages        = "131--145",
   Month        = OCTOBER,
   Year         = 2001
}

@InProceedings{Annapureddy_NSDI_2005,
   Author       = "Siddhartha Annapureddy and Michael J. Freedman and David Mazi\`{e}res",
   Title        = "{Shark: Scaling File Servers via Cooperative Caching}",
   Booktitle    = NSDI_2005,
   Address      = NSDI_2005_ADDR,
   Month        = may,
   Year         = {2005},
}

@Misc{VMWare,
  key =          "VMWare",
  title =        "{VMWare Workstation}",
  note =         "\url{http://www.vmware.com/}",
}

@Misc{Apt,
  key =          "Apt",
  title =        "{APT HOWTO}",
  note =         "\url{http://www.debian.org/doc/manuals/apt-howto/}",
}

@Article{Baker_RFC1812,
   Author       = "F. Baker",
   Title        = "{Requirements for {IP} Version 4 Routers; {RFC} 1812}",
   Journal      = RFC,
   Month        = JUNE,
   Year         = 1995
}


@InProceedings{Balazinska_PERVASIVE_2002,
   Author       = "Magdalena Balazinska and Hari Balakrishnan and David Karger",
   Title        = "{INS/Twine: A Scalable Peer-to-Peer Architecture for
                   Intentional Resource Discovery}",
   Booktitle    = PERVASIVE_2002,
   Address      = PERVASIVE_2002_ADDR,
   Pages        = "195--210",
   Month        = AUGUST,
   Year         = 2002
}


@InProceedings{Banga_OSDI_1999,
   Author       = "Gaurav Banga and Peter Druschel and Jeffrey C. Mogul",
   Title        = "{Resource Containers: A New Facility for Resource
                    Management in Server Systems}",
   Booktitle    = OSDI_1999,
   Address      = OSDI_1999_ADDR,
   Pages        = "45--58",
   Month        = FEBRUARY,
   Year         = "1999",
   url          = "citeseer.nj.nec.com/banga99resource.html"
}


@InProceedings{Barham_SOSP_2003,
   Author       = "Paul Barham and Boris Dragovic and Keir Fraser
                   and Steven Hand and Tim Harris and Alex Ho
                   and Rolf Neugebauer and Ian Pratt and Andrew Warfield",
   Title        = "{Xen and the {A}rt of {V}irtualization}",
   Booktitle    = SOSP_2003,
   Address      = SOSP_2003_ADDR,
   Month        = OCTOBER,
   Year         = 2003
}


@TechReport{Bavier_TR_1999,
   Author       = "Andy Bavier and Larry Peterson and David Mosberger",
   Title        = "{{BERT}: A Scheduler for Best-Effort and Realtime Paths}",
   Institution  = "Department of Computer Science, Princeton University",
   Number       = "TR--602--99",
   Month        = MARCH,
   Year         = 1999
}


@TechReport{Bavier_TR_2002,
   Author       = "Andy Bavier and Thiemo Voigt and Mike Wawrzoniak
                   and Larry Peterson",
   Title        = "{{SILK}: Scout Paths in the Linux Kernel}",
   Institution  = "Department of Information Technology, Uppsala University",
   Address      = "Uppsala, Sweden",
   Number       = "2002--009",
   Month        = FEBRUARY,
   Year         = 2002
}

@InProceedings{Bavier_NSDI_2004,
   Author       = "Andy Bavier and Mic Bowman and David Culler and
                  Brent Chun and Scott Karlin and Steve Muir and " #
                  A_LLP # " and " # A_TR # " and Tammo Spalink and " #
                  A_MHW,
   Title        = "{Operating System Support for Planetary-Scale
                  Network Services}",
   Booktitle    = NSDI_2004,
   Address      = NSDI_2004_ADDR,
   Month        = mar,
   Year         = {2004},
}

@misc{plkmod_web_page,
   Author       = "{Plkmod: SILK in PlanetLab}",
   Title        = "",
   Note         = "\url{http://www.cs.princeton.edu/~acb/plkmod}"
}

@misc{thunt-hashing,
    Author      = "Troy Hunt",
    Title       = "Our Password Hashing has no Clothes",
    Note        = "\url{http://www.troyhunt.com/2012/06/our-password-hashing-has-no-clothes.html}"
}

@InProceedings{Bennett_SIGCOMM_1996,
   Author       = "Jon C. R. Bennett and Hui Zhang",
   Title        = "{Hierarchical Packet Fair Queueing Algorithms}",
   Comment      = "WF2Q+ is here",
   Booktitle    = SIGCOMM_1996,
   Address      = SIGCOMM_1996_ADDR,
   Pages        = "143--156",
   Month        = AUGUST,
   Year         = 1996
}


@InProceedings{Black_CCN_1997,
   Author       = "Richard Black and Paul Barham and Austin Donnelly
                   and Neil Stratford",
   Title        = "{Protocol {I}mplementation in a {V}ertically {S}tructured
                   {O}perating {S}ystem}",
   Booktitle    = "Proc.\ IEEE Conf.\ Comp.\ Networks",
   Month        = NOVEMBER,
   Year         = 1997
}


@InProceedings{Blumrich_ISCA_1998,
   Author       = "Matthias A. Blumrich and Richard D. Alpert and Yuqun Chen
                   and Douglas W. Clark and Stefanos N. Damianakis
                   and Cezary Dubnicki and Edward W. Felten and Liviu Iftode
                   and Kai Li and Margaret Martonosi and Robert A. Shillner",
   Title        = "{Design Choices in the {SHRIMP} System: An Empirical Study}",
   Booktitle    = ISCA_1998,
   Address      = ISCA_1998_ADDR,
   Pages        = "330--341",
   Month        = JUNE,
   Year         = 1998
}


@Article{Boden_MICRO_1995,
   Author       = "Nanette J. Boden and Danny Cohen and Robert E. Felderman
                   and Alan E. Kulawik and Charles L. Seitz and Jakov N. Seizovic
                   and Wen-King Su",
   Title        = "{Myrinet: A Gigabit-per-Second Local Area Network}",
   Journal      = MICRO,
   Volume       = 15,
   Number       = 1,
   Pages        = "29--36",
   Year         = 1995
}


@InProceedings{Bolosky_WSS_2000,
   Author       = "William J. Bolosky and Scott Corbin and David Goebel
                   and John R. Douceur",
   Title        = "{Single Instance Storage in Windows 2000}",
   Booktitle    = WSS_2000,
   Address      = WSS_2000_ADDR,
   Pages        = "13--24",
   Month        = AUGUST,
   Year         = 2000
}

@InProceedings{Brett_WORLDS_2004,
   Author       = "Paul Brett and Rob Knauerhase and Mic Bowman and Robert Adams and Aroon Nataraj and Jeff Sedayao and Michael Spindel",
   Title        = "{A shared global event propagation system to enable next generation distributed services}",
   Booktitle    = WORLDS_2004,
   year =         2004,
   address =      SAN_FRANCISCO,
   month =        DECEMBER,
}

@InProceedings{Campbell_IXA_2001,
   Author       = "Andrew T. Campbell and S. Chou and Michael E. Kounavis
                   and V. D. Stachtos",
   Title        = "{Implementing Routelets: Virtual Router Support for the {IXP1200}
                    Network Processor}",
   Booktitle    = "Proceedings of the IXA University Program Workshop",
   Address      = "Portland, Oregon",
   Month        = JUNE,
   Year         = 2001
}


@InProceedings{Chiueh_ICDCS_2000,
   Author       = "{Tzi-cker} Chiueh and Prashant Pradhan",
   Title        = "{Suez: A Cluster-based Scalable Real-Time Packet Router}",
   Booktitle    = ICDCS_2000,
   Address      = ICDCS_2000_ADDR,
   Pages        = "136--143",
   Year         = 2000
}


@InProceedings{Chu_SIGMETRICS_2000,
   Author       = "{Yang-hua} Chu and Sanjay Rao and Hui Zhang",
   Title        = "{A Case For End System Multicast}",
   Booktitle    = SIGMETRICS_2000,
   Address      = SIGMETRICS_2000_ADDR,
   Pages        = "1--12",
   Month        = JUNE,
   Year         = 2000
}


@Misc{Chun02,
   Author       = "Brent Chun and Jason Lee and Hakim Weatherspoon",
   Title        = "{Netbait: a Distributed Worm Detection Service}",
   Note         = "\url{http://netbait.planet-lab.org/}",
   Year         = 2002
}



@Article{Chun_CCR_2003,
  author =       "Brent Chun and others",
  title =        "{PlanetLab: An Overlay Testbed for Broad-Coverage
                  Services}",
  journal =      CCR,
  year =         2003,
  volume =       33,
  number =       3,
  month =        JULY
}

@inproceedings{ Chutani_USENIX_1992,
    author = "S. Chutani and O. T. Anderson and M. L. Kazar and B. W. Leverett and W. A. Mason and R. N. Sidebotham",
    title = "The {Episode} File System",
    booktitle = "Proceedings of the {USENIX} Winter 1992 Technical Conference",
    address = "San Fransisco, CA, USA",
    pages = "43--60",
    year = "1992",
    url = "citeseer.ist.psu.edu/chutani92episode.html" }


@InProceedings{Clark_SIGCOMM_1988,
   Author       = "David D. Clark",
   Title        = "{The Design Philosophy of the {DARPA} Internet Protocols}",
   Booktitle    = SIGCOMM_1988,
   Address      = SIGCOMM_1988_ADDR,
   Pages        = "106--114",
   Month        = AUGUST,
   Year         = 1988
}


@Article{Clark_TON_1998,
   Author       = "David D. Clark and Wenjia Fang",
   Title        = "{Explicit Allocation of Best-Effort Packet Delivery Service}",
   Journal      = TON,
   Volume       = 6,
   Number       = 4,
   Pages        = "362--373",
   Month        = AUGUST,
   Year         = 1998
}


@InProceedings{Clark_SIGCOMM_1992,
   Author       = "David D. Clark and Scott Shenker and Lixia Zhang",
   Title        = "{Supporting Real-Time Applications in an Integrated
                    Services Packet Network: Architecture and Mechanism}",
   Booktitle    = SIGCOMM_1992,
   Address      = SIGCOMM_1992_ADDR,
   Pages        = "14--26",
   Month        = AUGUST,
   Year         = 1992
}

@InProceedings{BitTorrent,
   Author       = "Bram Cohen",
   Title        = "{Incentives Build Robustness in BitTorrent}",
   booktitle =    "Workshop on Economics of Peer-to-Peer Systems",
   year =         2003,
}


@Article{Bugnion_TOCS_1997,
   Author       = "Edouard Bugnion and Scott Devine and Kinshuk Govil and Mendel Rosenblum",
   Title        = "{Disco: running commodity operating systems on scalable multiprocessors}",
   Journal      = TOCS,
   Volume       = 15,
   Number       = 4,
   Pages        = "412--447",
   Month        = NOVEMBER,
   Year         = 1997
}


@inproceedings{ Chankhunthod_USENIX_1996,
    author = "Anawat Chankhunthod and Peter B. Danzig and Chuck Neerdaels and Michael F. Schwartz and Kurt J. Worrell",
    title = "A Hierarchical Internet Object Cache",
    booktitle = "{USENIX} Annual Technical Conference",
    pages = "153-164",
    year = "1996",
    url = "citeseer.ist.psu.edu/article/chankhunthod95hierarchical.html" }


@Misc{CORBA,
  title =        "{Common Object Request Broker Architecture
                  (CORBA)}",
  author =       "{Object Management Group (OMG)}",
  note =         "\url{http://www.corba.org/}"
}


@InProceedings{Crowley_2000,
   Author       = "Patrick Crowley and Marc E. Fiuczynski and Jean-Loup Baer and Brian N. Bershad",
   Title        = "{Workloads for Programmable Network Interfaces}",
   Booktitle    = "IEEE 2nd Annual Workshop on Workload Characterization",
   Address      = "Austin, Texas",
   Note         = "Also appears as Chapter 7 in~\cite{John_2000}",
   Comment      = "Be sure to use \nocite{John_2000} when referencing this
                   work to avoid extra LaTeX / BibTeX cycles",
   Month        = OCTOBER,
   Year         = 1999
}


@manual{VIA_1.0,
   Title        = "{Virtual Interface Architecture Specification, Version~1.0}",
   Organization = "{Compaq Computer Corporation, Intel Corporation,
                    Microsoft Corporation}",
   Month        = DECEMBER,
   Year         = 1997
}


@InProceedings{Dabek_SOSP_2001,
   Author       = "Frank Dabek and M. Frans Kaashoek and David Karger and
                   Robert Morris and Ion Stoica",
   Title        = "{Wide-area cooperative storage with CFS}",
   Booktitle    = SOSP_2001,
   Address      = SOSP_2001_ADDR,
   Pages        = "202--215",
   Month        = OCTOBER,
   Year         = 2001
}


@InProceedings{Dasen_ACTS_1996,
   Author       = "Marcel Dasen and George Fankhauser and Bernhard Plattner",
   Title        = "{An Error Tolerant, Scalable Video Stream Encoding and
                    Compression for Mobile Computing}",
   Booktitle    = ACTS_1996,
   Address      = ACTS_1996_ADDR,
   Pages        = "762--771",
   Month        = NOVEMBER,
   Year         = "1996"
}


@Misc{Davie_PC_1999,
   Author       = "Bruce Davie",
   Note         = "Personal Communication",
   Month        = AUGUST,
   Year         = 1999
}


@Book{Davie_MPLS_2000,
   Author       = "Bruce Davie and Yakov Rekhter",
   Title        = "{MPLS: Technology and Applications}",
   Publisher    = "Morgan Kaufmann Publishers, Inc.",
   Year         = 2000
}


@InProceedings{Decasper_SIGCOMM_1998,
   Author       = "Dan Decasper and Zubin Dittia and Guru Parulkar
                   and Bernhard Plattner",
   Title        = "{Router Plugins: A Software Architecture for Next
                    Generation Routers}",
   Booktitle    = SIGCOMM_1998,
   Address      = SIGCOMM_1998_ADDR,
   Pages        = "229--240",
   Month        = SEPTEMBER,
   Year         = 1998
}


@Article{Decasper_TON_2000,
   Author       = "Dan Decasper and Zubin Dittia and Guru Parulkar
                   and Bernhard Plattner",
   Title        = "{Router Plugins: A Software Architecture for Next
                    Generation Routers}",
   Journal      = TON,
   Volume       = 8,
   Number       = 1,
   Pages        = {2--15},
   Month        = FEBRUARY,
   Year         = 2000,
}


@InProceedings{Degermark_SIGCOMM_1997,
   Author       = "Mikael Degermark and Andrej Brodnik and Svante Carlsson
                   and Stephen Pink",
   Title        = "{Small Forwarding Tables for Fast Routing Lookups}",
   Booktitle    = SIGCOMM_1997,
   Address      = SIGCOMM_1997_ADDR,
   Pages        = "3--14",
   Month        = OCTOBER,
   Year         = 1998
}


@Manual{Pamette_UG_1998,
   Title        = "{DIGITAL PCI Development Platform Reconfigurable Hardware
                    Device for the PCI Bus User's Guide}",
   Organization = "{Digital Equipment Corporation}",
   Note         = "{\url{http://www.research.digital.com/SRC/pamette/}}",
   Address      = "Maynard,\ " # MASSACHUSETTS,
   Month        = APRIL,
   Year         = 1998
}


@InProceedings{Dike_LSC_2001,
   Author       = "Jeff Dike",
   Title        = "{User-mode {Linux}}",
   Booktitle    = "Proceedings of the 5th Annual Linux Showcase and Conference",
   Address      = "Oakland,\ " # CALIFORNIA,
   Month        = NOVEMBER,
   Year         = 2001,
}


@Misc{dpkg,
  key =          "dpkg",
  title =        "{Debian -- dpkg}",
  note =         "\url{http://packages.debian.org/stable/base/dpkg}",
}


@InProceedings{Draves_WWOS_1992,
  author =       "R. P. Draves and B. N. Bershad and A. F. Forin",
  title =        "{Using Microbenchmarks to Evaluate System Performance}",
  booktitle =    WWOS_1992,
  pages =        "154--159",
  month =        APRIL,
  year =         1992,
}

@InProceedings{Druschel_OSDI_1996,
   Author       = "Peter Druschel and Gaurav Banga",
   Title        = "{Lazy Receiver Processing ({LRP}): A Network Subsystem
                    Architecture for Server Systems}",
   Booktitle    = OSDI_1996,
   Address      = OSDI_1996_ADDR,
   Pages        = "261--275",
   Month        = OCTOBER,
   Year         = 1996
}


@InProceedings{Druschel_SIGCOMM_1994,
   Author       = "Peter Druschel and Larry L. Peterson and Bruce S. Davie",
   Title        = "{Experiences with a High-Speed Network Adaptor: A Software
                    Perspective}",
   Booktitle    = SIGCOMM_1994,
   Address      = SIGCOMM_1994_ADDR,
   Pages        = "2--13",
   Month        = OCTOBER,
   Year         = 1994
}


@InProceedings{Engler_SIGCOMM_1996,
   Author       = "Dawson R. Engler and M. Frans Kaashoek",
   Title        = "{DPF}: fast, flexible message demultiplexing using dynamic
                   code generation",
   Booktitle    = SIGCOMM_1996,
   Address      = SIGCOMM_1996_ADDR,
   Pages        = "53--59",
   Month        = AUGUST,
   Year         = 1996
}


@Misc{ENSIM_WEB,
   Author       = "{Ensim Corp.}",
   Title        = "{Ensim Virtual Private Server}",
   HowPublished = "{\url{http://www.ensim.com/products/\\
privateservers/index.html}}",
}


@Article{Eugster_ACMCS_2003,
  author =       "Patrick Th. Eugster and Pascal Felber and Rachid Guerraoui and Anne-Marie Kermarrec",
  title =        "{The Many Faces of Publish/Subscribe}",
  Journal =    "ACM Computing Surveys",
  Volume       = 35,
  Number       = 2,
  Pages        = "114--131",
  Month        = JUNE,
  year =         2003,
}


@TechReport{Fankhauser_TR_1998,
   Author       = "George Fankhauser and Marcel Dasen and Nathalie Weiler
                   and Bernhard Plattner and Burkhard Stiller",
   Title        = "{The {WaveVideo} System and Network Architecture: Design and
                    Implementation}",
   Number       = 44,
   Institution  = {Institute TIK},
   Address      = {Gloriastrasse 35, 8092 Z\"urich, Switzerland},
   Month        = JUNE,
   Year         = 1998
}


@Article{Fielding_RFC2616,
   Author       = "R. Fielding and J. Gettys and J. C. Mogul and H. Frystyk
                   and L. Masinter and P. Leach and T. Berners-Lee",
   Title        = "{Hypertext Transfer Protocol -- {HTTP}/1.1; {RFC} 2616}",
   Journal      = RFC,
   Month        = JUNE,
   Year         = 1999
}


@InProceedings{Fiuczynski_NOSSDAV_1998,
   Author       = "Marc E. Fiuczynski and Richard P. Martin and Tsutomu Owa
                   and Brian N. Bershad",
   Title        = "{On Using Intelligent Network Interface Cards to support
                    Multimedia Applications}",
   Booktitle    = NOSSDAV_1998,
   Address      = NOSSDAV_1998_ADDR,
   Pages        = "95--98",
   Month        = JULY,
   Year         = 1998,
}


@InProceedings{Fiuczynski_EWSCDA_1998,
   Author       = "Marc E. Fiuczynski and Richard P. Martin and Tsutomu Owa
                   and Brian N. Bershad",
   Title        = "{{SPINE}: A Safe Programmable and Integrated Network Environment}",
   Booktitle    = EWSCDA_1998,
   Address      = EWSCDA_1998_ADDR,
   Pages        = "7--12",
   Month        = SEPTEMBER,
   Year         = 1998
}


@TechReport{Fiuczynski_TR_1998,
   Author       = "Marc E. Fiuczynski and Brian N. Bershad and Richard P. Martin
                   and David E. Culler",
   Title        = "{{SPINE:} An Operating System for Intelligent Network Adapters}",
   Number       = "UW TR--98--08--01",
   Institution  = "University of Washington",
   Address      = "Seattle, WA",
   Month        = AUGUST,
   Year         = 1998
}


@InProceedings{Ford_OSDI_1999,
  author =       "Bryan Ford and Mike Hibler and Jay Lepreau and
                  Roland McGrath and Patrick Tullmann",
  title =        "{Interface and Execution Models in the Fluke Kernel}",
  booktitle =    OSDI_1999,
  address =      OSDI_1999_ADDR,
  month =        FEBRUARY,
  year =         1999
}


@Book{Foster_GRID_1999,
   Editor       = "Ian Foster and Carl Kesselman",
   Title        = "{The Grid: Blueprint for a New Computing Infrastructure}",
   Publisher    = "Morgan Kaufmann Publishers, Inc.",
   Year         = 1999
}


@Misc{Foster_GRID_2002,
   Author       = "Ian Foster and Carl Kesselman and Jeffrey M. Nick
                   and Steven Tuecke",
   Title        = "{The Physiology of the Grid: An Open Grid Services
                    Architecture for Distributed Systems Integration}",
   HowPublished = "{\url{www.gridforum.org/ogsi-wg/drafts/ogsa_draft2.9_2002-06-22.pdf}}",
   Month        = JUNE,
   Year         = 2002,
}


@InProceedings{Fournet_POPL_2002,
  author =       "Cedric Fournet and Andrew D. Gordon",
  title =        "{Stack Inspection: Theory and Variants}",
  booktitle =    "Proceedings of the 29th ACM Symposium on Principles
                  of Programming Languages",
  year =         2002,
  address =      "Portland, " # OREGON,
  month =        JANUARY,
}


@InProceedings{Fox_ASPLOS_1996,
   Author       = "Armando Fox and Steven D. Gribble and Eric A. Brewer
                   and Elan Amir",
   Title        = "{Adapting to Network and Client Variability via
                    On-Demand Dynamic Distillation}",
   Booktitle    = ASPLOS_1996,
   Address      = ASPLOS_1996_ADDR,
   Pages        = "160--170",
   Month        = OCTOBER,
   Year         = 1996
}


@InProceedings{Freedman_NSDI_2004,
   Author       = "Michael J. Freedman and Eric Freudenthal and David Mazi\`{e}res",
   Title        = "Democratizing content publication with Coral",
   Booktitle    = NSDI_2004,
   Address      = NSDI_2004_ADDR,
   Month        = mar,
   Year         = 2004
}



@InProceedings{Fu_SOSP_2003,
   Author       = "Yun Fu and Jeff Chase and Brent Chun and Steve Schwab and Amin Vahdat",
   Title        = "SHARP: An Architecture for Secure Resource Peering",
   Booktitle    = SOSP_2003,
   Address      = SOSP_2003_ADDR,
   Month        = OCTOBER,
   Year         = 2003
}

@Article{Fu_TOCS_2002,
   Author       = "Kevin Fu and M. Frans Kaashoek and David Mazi\`{e}res",
   Title        = "{The {Click} Modular Router}",
   Journal      = TOCS,
   Volume       = 20,
   Number       = 1,
   Pages        = "1--24",
   Month        = FEBRUARY,
   Year         = 2002
}


@InProceedings{Garfinkel_SNDSS_2004,
  author =       "T. Garfinkel and B. Pfaff and M. Rosenblum",
  title =        "{Ostia: A Delegating Architecture for Secure System
                  Call Interposition}",
  booktitle =    "Proc.\ 2004 Symposium on Network and Distributed
                  System Security",
  year =         2004,
}

@InProceedings{Ghemawat_SOSP_2003,
  author =       "Sanjay Ghemawat and Howard Gobioff and Shun-Tak Leung",
  title =        "{The Google file system}",
  booktitle =    SOSP_2003,
  address      = SOSP_2003_ADDR,
  month        = OCTOBER,
  year =         2003
}

@Book{Gong_1999,
  author =       "L. Gong",
  title =        "{Inside Java 2 Platform Security}",
  publisher =    "Addison Wesley",
  year =         1999
}

@InProceedings{Gottlieb_OPENARCH_2002,
   Author       = "Yitzchak Gottlieb and Larry Peterson",
   Title        = "{A Comparative Study of Extensible Routers}",
   Booktitle    = OPENARCH_2002,
   Address      = OPENARCH_2002_ADDR,
   Pages        = "51--62",
   Month        = JUNE,
   Year         = 2002
}


@InProceedings{Goyal_SIGCOMM_1996,
   Author       = "Pawan Goyal and Harrick M. Vin and Haichen Cheng",
   Title        = "{Start-time Fair Queueing: A Scheduling Algorithm for
                    Integrated Services Packet Switching Networks}",
   Booktitle    = SIGCOMM_1996,
   Address      = SIGCOMM_1996_ADDR,
   Pages        = "157--168",
   Month        = AUGUST,
   Year         = 1996
}


@InProceedings{Goyal_OSDI_1996,
   Author       = "Pawan Goyal and Xingang Guo and Harrick Vin",
   Title        = "{A Hierarchical {CPU} Scheduler for Multimedia Operating
                    Systems}",
   Booktitle    = OSDI_1996,
   Address      = OSDI_1996_ADDR,
   Pages        = "107--122",
   Month        = OCTOBER,
   Year         = 1996
}


@Book{Habermann_1976,
   Author       = "A. N. Habermann",
   Title        = "{Introduction to Operating System Design}",
   Publisher    = "Science Research Associates, Inc.",
   Year         = 1976
}


@InBook{Habermann_1976_crit,
   Author       = "A. N. Habermann",
   Title        = "{Introduction to Operating System Design}",
   Publisher    = "Science Research Associates, Inc.",
   Pages        = "72--75",
   Year         = 1976
}


@Misc{Hady_PC_2002,
   Author       = "Frank Hady",
   Note         = "Personal Communication",
   Month        = JUNE,
   Year         = 2002
}


@Article{Hardy_OSR_1985,
   Author       = "Norman Hardy",
   Title        = "{The {KeyKOS} {A}rchitecture}",
   Journal      = OSR,
   Volume       = 19,
   Number       = 4,
   Pages        = "8--25",
   Month        = OCTOBER,
   Year         = 1985
}

@InProceedings{Hicks_ICFP_1998,
   Author       = "Michael Hicks and Pankaj Kakkar and Jonathan T. Moore
                   and Carl A. Gunter and Scott Nettles",
   Title        = "{PLAN}: {A} Packet Language for Active Networks",
   Booktitle    = ICFP_1998,
   Address      = ICFP_1998_ADDR,
   Pages        = "86--93",
   Month        = SEPTEMBER,
   Year         = 1998
}



@inproceedings{ Hitz_USENIX_94,
    author = "D. Hitz and J. Lau and M. Malcolm",
    title = "File System Design for an {NFS} File Server Appliance",
    booktitle = "Proceedings of the {USENIX} Winter 1994 Technical Conference",
    month = "17--21",
    address = "San Fransisco, CA, USA",
    pages = "235--246",
    year = "1994",
    url = "citeseer.ist.psu.edu/hitz95file.html" }




@article{Howard_TOCS_1988,
 author = {John H. Howard and Michael L. Kazar and Sherri G. Menees and David A. Nichols and M. Satyanarayanan and Robert N. Sidebotham and Michael J. West},
 title = "{Scale and performance in a distributed file system}",
 journal = {ACM Trans. Comput. Syst.},
 volume = {6},
 number = {1},
 year = {1988},
 issn = {0734-2071},
 pages = {51--81},
 doi = {http://doi.acm.org/10.1145/35037.35059},
 publisher = {ACM Press},
 address = {New York, NY, USA},
 }


@Manual{IBM_PowerNP,
   Title        = "{{IBM} {PowerNP} NP4GS3 Network Processor Solutions Product Overview}",
   Organization = "IBM Microelectronics Division",
   Month        = APRIL,
   Year         = 2001
}


@Manual{IEEE_802_3,
   Author       = "{IEEE Standard 802.3}",
   Title        = "{Part 3: Carrier sense multiple access with collision
                    detection (CSMA/CD) access method and physical layer
                    specifications}",
   Organization = "IEEE",
   Address      = "New York, NY",
   Month        = OCTOBER,
   Year         = 2000
}


@Manual{InfiniBand_1.0_v1,
   Title        = "{InfiniBand Architecture Specification, Release~1.0}",
   Organization = "{InfiniBand Trade Association}",
   Volume       = 1,
   Month        = OCTOBER,
   Year         = 2000
}


@Manual{IXP1200DS,
   Title        = "{{IXP1200} Network Processor Datasheet}",
   Organization = "{Intel Corporation}",
   Month        = SEPTEMBER,
   Year         = 2000
}


@Manual{IXP1200EESUG,
   Title        = "{{IXP1200} Network Processor
                    Ethernet Evaluation System User's Guide}",
   Organization = "{Intel Corporation}",
   Month        = OCTOBER,
   Year         = 2000
}


@Manual{Intel_IXP12EB,
   Title        = "{{IXP12EB} {Intel} {IXP1200} Network Processor
                    {Ethernet} Evaluation Kit Product Brief}",
   Organization = "{Intel Corporation}",
   Year         = 2000
}


@Manual{I2O_2.0,
   Title        = "{Intelligent I/O (${\mathrm{I_2 O}}$) Architecture
                    Specification, Version~2.0}",
   Organization = "{Intelligent I/O (${\mathrm{I_2 O}}$) Special
                    Interest Group}",
   Month        = MARCH,
   Year         = 1999
}



@InProceedings{Jim_USENIX_2002,
  author =       "Trevor Jim and Greg Morrisett and Dan Grossman and
                  Michael Hicks",
  title =        "{Cyclone: A Safe Dialect of C}",
  booktitle =    USENIX_2002,
  year =         2002,
  address =      "Monterey, CA",
  month =        JUNE,
}


@Misc{Jin_2003,
   Author       = "C. Jin and D. Wei and S. H. Low and G. Buhrmaster and J. Bunn
                   and D. H. Choe and R. L. A.  Cottrell and J. C. Doyle
                   and W. Feng and O. Martin and H. Newman and F. Paganini
                   and S. Ravot and S. Singh",
   Title        = "{FAST TCP: From Theory to Experiments}",
   Note         = "Submitted for publication",
   Month        = APRIL,
   Year         = 2003
}


@Book{John_2000,
   Editor       = "Lizy Kurian John and Ann Marie Grizzaffi Maynard",
   Title        = "{Workload Characterization for Computer System Design}",
   Publisher    = "Kluwer Academic Publishers",
   Address      = "Boston,\ " # MASSACHUSETTS,
   Month        = MARCH,
   Year         = 2000
}


@InProceedings{Kamp_SANE_2000,
   Author       = "Poul-Henning Kamp and Robert N. M. Watson",
   Title        = "{Jails: {C}onfining the {O}mnipotent {R}oot}",
   Booktitle    = SANE_2000,
   Address      = SANE_2000_ADDR,
   Month        = MAY,
   Year         = 2000,
}


@TechReport{Karlin_TR_1999,
   Author       = "Scott C. Karlin and Douglas W. Clark and Margaret Martonosi",
   Title        = "{{SurfBoard} -- A Hardware Performance Monitor for {SHRIMP}}",
   Institution  = "Princeton University",
   Number       = "TR--596--99",
   Month        = MARCH,
   Year         = 1999
}


@TechReport{Karlin_TR_2002a,
   Author       = "Scott Karlin and Larry Peterson",
   Title        = "{Maximum Packet Rates for Full-Duplex Ethernet}",
   Institution  = "Princeton University",
   Number       = "TR--645--02",
   Month        = FEBRUARY,
   Year         = 2002
}


@InProceedings{Karlin_OPENARCH_2001,
   Author       = "Scott Karlin and Larry Peterson",
   Title        = "{{VERA}: An Extensible Router Architecture}",
   Booktitle    = OPENARCH_2001,
   Address      = OPENARCH_2001_ADDR,
   Pages        = "3--14",
   Month        = APRIL,
   Year         = 2001
}


@Article{Karlin_COMPNW_2002,
   Author       = "Scott Karlin and Larry Peterson",
   Title        = "{{VERA}: An Extensible Router Architecture}",
   Journal      = COMPUTER_NET,
   Volume       = 38,
   Number       = 3,
   Pages        = "277--293",
   Month        = FEBRUARY,
   Year         = 2002
}


@TechReport{Katcher_TR_3022,
  author =       "Jeffery Katcher",
  title =        "{PostMark: A New File System Benchmark}",
  institution =  "{Network Appliance, Inc.}",
  number =       "TR3022",
}


@InProceedings{Keller_INFOCOM_2000,
   Author       = "Ralph Keller and Sumi Choi and Dan Decasper and Marcel Dasen
                   and George Fankhauser and Bernhard Plattner",
   Title        = "{An Active Router Architecture for Multicast Video
                    Distribution}",
   Booktitle    = INFOCOM_2000,
   Address      = INFOCOM_2000_ADDR,
   Pages        = "1137--1146",
   Month        = MARCH,
   Year         = 2000
}


@Article{Kohler_TOCS_2000,
   Author       = "Eddie Kohler and Robert Morris and Benjie Chen
                   and John Jannotti and M. Frans Kaashoek",
   Title        = "{The {Click} Modular Router}",
   Journal      = TOCS,
   Volume       = 18,
   Number       = 3,
   Pages        = "263--297",
   Month        = AUGUST,
   Year         = 2000
}


@InProceedings{Kostic_SOSP_2003,
   Author       = "Dejan Kosti\'c and Adolfo Rodriguez and Jeannie Albrecht
                   and Amin Vahdat",
   Title        = "{Bullet: High Bandwidth Data Dissemination Using an
                    Overlay Mesh}",
   Booktitle    = SOSP_2003,
   Address      = SOSP_2003_ADDR,
   Month        = OCTOBER,
   Year         = 2003
}


@InProceedings{Kotsovinos_WORLDS_2004,
  author =       "Evangelos Kotsovinos and Tim Moreton and Ian Pratt
                  and Russ Ross and Keir Fraser and Steven Hand and
                  Tim Harris",
  title =        "{Global-scale service deployment in the XenoServer
                  platform}",
  booktitle =    WORLDS_2004,
  year =         2004,
  address =      SAN_FRANCISCO,
  month =        DECEMBER,
}


@Article{Kounavis_JSAC_2001,
   Author       = "Michael E. Kounavis and Andrew T. Campell and Stephen Chou
                   and Fabien Modoux and John Vicente and Hao Zhuang",
   Title        = "{The {Genesis} Kernel: A Programming System for Spawning
                    Network Architectures}",
   Journal      = JSAC,
   Volume       = 19,
   Number       = 3,
   Pages        = "511--526",
   Month        = MARCH,
   Year         = 2001
}


@InProceedings{Kubiatowicz_ASPLOS_2000,
   Author       = "John Kubiatowicz and David Bindel and Yan Chen
                   and Steven Czerwinski and Patrick Eaton and Dennis Geels
                   and Ramakrishna Gummadi and Sean Rhea
                   and Hakim Weatherspoon and Westley Weimer
                   and Chris Wells and Ben Zhao",
   Title        = "{OceanStore: An Architecture for Global-Scale Persistent
                   Storage}",
   Booktitle    = ASPLOS_2000,
   Address      = ASPLOS_2000_ADDR,
   Pages        = "190--201",
   Month        = NOVEMBER,
   Year         = 2000
}


@InProceedings{Kuhns_DANCE_2002,
   Author       = "Fred Kuhns and John DeHart and Anshul Kantawala
                   and Ralph Keller and John Lockwood and Prashanth Pappu
                   and David Richards and David Taylor and Jyoti Parwatikar
                   and Ed Spitznagel and Jon Turner and Ken Wong",
   Title        = "{Design of a High Performance Dynamically Extensible Router}",
   Booktitle    = DANCE_2002,
   Address      = DANCE_2002_ADDR,
   Pages        = "42--64",
   Month        = MAY,
   Year         = 2002
}


@InProceedings{Lakshman_SIGCOMM_1998,
   Author       = "T. V. Lakshman and D. Stiliadis",
   Title        = "{High Speed Policy-based Packet Forwarding Using Efficient
                    Multi-dimensional Range Matching}",
   Booktitle    = SIGCOMM_1998,
   Address      = SIGCOMM_1998_ADDR,
   Pages        = "203--214",
   Month        = SEPTEMBER,
   Year         = 1998
}


@Article{Lamport_CACM_1978,
  author =       "Leslie Lamport",
  title =        "{Time, clocks, and the ordering of events in a
                  distributed system}",
  journal =      CACM,
  year =         1978,
  volume =       21,
  number =       7,
  pages =        "558--565",
  month =        JULY
}

@Article{Lauer_OSR_1979,
   Author       = "H. C. Lauer and R. M. Needham",
   Title        = "{On the Duality of Operating System Structures}",
   Journal      = "Operating Systems Review",
   Volume       = 13,
   Number       = 2,
   Pages        = "3--19",
   Month        = APRIL,
   Year         = 1979
}


@InProceedings{Lavian_HOTOS_2001,
   Author       = "Tal Lavian and Phil Yonghui Wang",
   Title        = "{Active Networking on A Programmable Network Platform}",
   Booktitle    = HOTOS_2001,
   Address      = HOTOS_2001_ADDR,
   Month        = APRIL,
   Year         = 2001
}


@Article{Lee_Computer_2000,
   Author       = "Edward A. Lee",
   Title        = "{What's Ahead for Embedded Software?}",
   Journal      = COMPUTER,
   Volume       = 33,
   Number       = 9,
   Pages        = "18--26",
   Month        = SEPTEMBER,
   Year         = 2000
}


@InProceedings{Lepe_NETWORKING_2002,
   Author       = "Oscar-Iv{\'\a}n Lepe-Aldama and Jorge Garc{\'\i}a-Vidal",
   Title        = "{I/O Bus Usage Control in PC-Based Software Routers}",
   Booktitle    = NETWORKING_2002,
   Address      = NETWORKING_2002_ADDR,
   Pages        = "1135--1140",
   Month        = MAY,
   Year         = 2002
}


@InProceedings{Lepe_ICC_2002,
   Author       = "Oscar-Iv{\'\a}n Lepe-Aldama and Jorge Garc{\'\i}a-Vidal",
   Title        = "{A Performance Model of a PC Based IP Software Router}",
   Booktitle    = ICC_2002,
   Address      = ICC_2002_ADDR,
   Volume       = 2,
   Pages        = "1230--1235",
   Month        = APRIL,
   Year         = 2002
}


@Article{Leslie_JSAC_1996,
   Author       = "Ian M. Leslie and Derek McAuley and Richard Black
                   and Timothy Roscoe and Paul T. Barham and David Evers
                   and Robin Fairbairns and Eoin Hyden",
   Title        = "{The Design and Implementation of an Operating System
                    to Support Distributed Multimedia Applications}",
   Journal      = JSAC,
   Volume       = 14,
   Number       = 7,
   Pages        = "1280--1297",
   Year         = 1996,
   url          = "citeseer.nj.nec.com/leslie96design.html"
}


@misc{LARTC,
   Author       = "{Linux Advanced Routing and Traffic Control}",
   Title        = "",
   Note         = "{\url{http://lartc.org/}}"
}


@InProceedings{Litzkow_ICDCS_1988,
   Author       = "Michael Litzkow and Miron Livny and Matthew Mutka",
   Title        = "{{C}ondor - A Hunter of Idle Workstations}",
   Booktitle    = ICDCS_1988,
   Address      = ICDCS_1988_ADDR,
   Pages        = "104--111",
   Month        = JUNE,
   Year         = 1988
}


@InProceedings{Loscocco_FREENIX_2001,
  author =       "Peter Loscocco and Stephen Smalley",
  title =        "{Integrating Flexible Support for Security Policies
                  into the Linux Operating System}",
  booktitle =    "Proc. of the 2001 " # USENIX # " (FREENIX Track)",
  year =         2001,
  address =      BOSTON,
  month =        JUNE,
}

@Article{Martonosi_IJPDSN_1998,
   Author       = "Margaret Martonosi and Scott Karlin and Cheng Liao
                   and Douglas W. Clark",
   Title        = "{Performance Monitoring Infrastructure in Shrimp Multicomputers}",
   Journal      = IJPDSN # " (Invited paper in the special issue on Measurement of
                              Program and System Performance)",
   Volume       = 2,
   Number       = 3,
   Pages        = "126--133",
   Year         = 1999
}

@InProceedings{Mazieres_SOSP_1999,
   Author       = "David Mazi\`{e}res and Michael Kaminsky and M. Frans Kaashoek and Emmett Witchel",
   Title        = "{Separating key management from file system security}",
   Booktitle    = SOSP_1999,
   Address      = SOSP_1999_ADDR,
   Pages        = "124--139",
   Month        = DECEMBER,
   Year         = 1999
}

@Article{McKeown_BCR_1997,
   Author       = "Nick McKeown",
   Title        = "{A Fast Switched Backplane for a Gigabit Switched Router}",
   Journal      = BCR,
   Volume       = 27,
   Number       = 12,
   Month        = DECEMBER,
   Year         = 1997
}


@InProceedings{McVoy_USENIX_1996,
  author       = "Larry McVoy and Carl Staelin",
  title        = "{lmbench: Portable Tools for Performance Analysis}",
  booktitle    = USENIX_1996,
  pages        = {279--294},
  year         = 1996,
  month        = JANUARY
}


@InProceedings{Mercer_ICMCS_1994,
    Author      = "Clifford W. Mercer and Stefan Savage and Hideyuki Tokuda",
    Title       = "{Processor Capacity Reserves: Operating System Support for
                    Multimedia Applications}",
    Booktitle   = ICMCS_1994,
    Address     = ICMCS_1994_ADDR,
    Pages       = "90--99",
    Month       = MAY,
    Year        = 1994,
    url         = "citeseer.nj.nec.com/mercer94processor.html"
}

@Article{Mills_RFC1129,
   Author       = "David L. Mills",
   Title        = "Internet Time Synchronization: The {Network Time
                  Protocol}",
   Journal      = RFC,
   Month        = OCT,
   Year         = 1989
}

@InProceedings{Mills_SIGCOMM_1988,
   Author       = "David L. Mills",
   Title        = "{The {Fuzzball}}",
   Booktitle    = SIGCOMM_1988,
   Address      = SIGCOMM_1988_ADDR,
   Pages        = "115--122",
   Month        = AUGUST,
   Year         = 1988
}


@Article{Mogul_TOCS_1997,
   Author       = "Jeffrey C. Mogul and K. K. Ramakrishnan",
   Title        = "{Eliminating Receive Livelock in an Interrupt-Driven Kernel}",
   Journal      = TOCS,
   Volume       = 15,
   Number       = 3,
   Pages        = "217--252",
   Month        = AUGUST,
   Year         = 1997
}


@InProceedings{Morris_SOSP_1999,
   Author       = "Robert Morris and Eddie Kohler and John Jannotti
                   and M. Frans Kaashoek",
   Title        = "{The {Click} Modular Router}",
   Booktitle    = SOSP_1999,
   Address      = SOSP_1999_ADDR,
   Pages        = "217--231",
   Month        = DECEMBER,
   Year         = 1999
}


@InProceedings{Mosberger_OSDI_1996,
   Author       = "David Mosberger and Larry L. Peterson",
   Title        = "{Making Paths Explicit in the {Scout} Operating System}",
   Booktitle    = OSDI_1996,
   Address      = OSDI_1996_ADDR,
   Pages        = "153--167",
   Month        = OCTOBER,
   Year         = 1996
}


@PhdThesis{Mosberger_Thesis_1997,
  author = 	 {D. Mosberger},
  title = 	 "{Scout: A path-based operating system}",
  school = 	 {University of Arizona},
  year = 	 {1997},
}


@InProceedings{Mosberger_WISP_1998,
  author =       "David Mosberger and Tai Jin",
  title =        "{httperf: A Tool For Measuring Web Server Performance}",
  booktitle =    WISP_1998,
  address =      WISP_1998_ADDR,
  month =        JUNE,
  year =         1998,
}


@Article{Moy_RFC2328,
   Author       = "J. Moy",
   Title        = "{OSPF Version 2; {RFC} 2328}",
   Journal      = RFC,
   Month        = APRIL,
   Year         = 1998
}

@InProceedings{Harren_IPTPS_2002,
   Author       = "Matthew Harren and Joseph M. Hellerstein and Ryan Huebsch
                  and Boon Thau Loo and Scott Shenker and Ion Stoica",
   Title        = "{Complex Queries in DHT-based Peer-to-Peer Networks}",
   Booktitle    = IPTPS_2002,
   Address      = IPTPS_2002_ADDR,
   Month        = MARCH,
   Year         = 2002
}


@InProceedings{Nagar_OLS_2003,
  author       = {Shailabh Nabah and Hubertus Franke and Jonghyuk Choi
                  and Chandra Seetharaman and Scott Kaplan and
                  Nivedita Singhi and Vivek Kashyap and Mike Kravetz},
  title        = "{Class-based Prioritized Resource Control in {Linux}}",
  booktitle    = OLS_2003,
  month        = JULY,
  year         = 2003,
  address      = OLS_ADDR
}


@TechReport{Nath_TR_2003,
   Author       = "Suman Nath and Yan Ke and Phillip B. Gibbons and Brad Karp
                   and Srinivasan Seshan",
   Title        = "{IrisNet: An Architecture for Enabling Sensor-Enriched
                    Internet Service}",
   Institution  = "Intel Research Pittsburgh",
   Number       = "IRP--TR--03--04",
   Month        = JUNE,
   Year         = 2003
}


@InProceedings{Osman_OSDI_2002,
  author =       "Steven Osman and Dinesh Subhraveti and Gong Su and
                  Jason Nieh",
  title =        "{The Design and Implementation of Zap: A System for
                  Migrating Computing Environments}",
  booktitle =    OSDI_2002,
  pages =        "361--376",
  year =         2002,
  address =      OSDI_2002_ADDR,
  month =        DECEMBER,
}


@Article{Park_CACM_1988,
   Author       = "Stephen K. Park and Keith W. Miller",
   Title        = "Random number generators: good ones are hard to find",
   Journal      = CACM,
   Volume       = 31,
   Number       = 10,
   Pages        = "1192--1201",
   Month        = OCTOBER,
   Year         = 1988
}

@InProceedings{Park_WORLDS_2004,
   Author       = "KyoungSoo Park and Vivek S. Pai",
   Title        = "{Deploying Large File Transfer on an HTTP Content Distribution Network}",
   Booktitle    = WORLDS_2004,
   year =         2004,
   address =      SAN_FRANCISCO,
   month =        DECEMBER,
}

@InProceedings{Park_NSDI_2006,
   Author       = "KyoungSoo Park and Vivek S. Pai",
   Title        = "{Scale and Performance in the CoBlitz Large-File Distribution Service}",
   Booktitle    = NSDI_2006,
   Address      = NSDI_2006_ADDR,
   Month        = may,
   Year         = {2005},
}

@Article{Partridge_CCR_1990,
   Author       = "Craig Partridge",
   Title        = "{How Slow is One Gigabit Per Second?}",
   Journal      = CCR,
   Volume       = 20,
   Number       = 1,
   Pages        = "44--53",
   Year         = 1990
}


@Article{Partridge_TON_1998,
   Author       = "Craig Partridge and Philip P. Carvey and Ed Burgess
                   and Isidro Castineyra and Tom Clarke and Lise Graham
                   and Michael Hathaway and Phil Herman and Allen King
                   and Steve Kohalmi and Tracy Ma and John Mcallen
                   and Trevor Mendez and Walter C. Milliken
                   and Ronald Pettyjohn and John Rokosz and Joshua Seeger
                   and Michael Sollins and Steve Storch and Benjamin Tober
                   and Gregory D. Troxel and David Waitzman
                   and Scott Winterble",
   Title        = "{A {50-Gb/s} {IP} Router}",
   Journal      = TON,
   Volume       = 6,
   Number       = 3,
   Pages        = "237--247",
   Month        = JUNE,
   Year         = 1998
}


@InProceedings{Paxson_SIGCOMM_1997,
   Author       = "Vern Paxson",
   Title        = "{Automated Packet Trace Analysis of {TCP} Implementations}",
   Booktitle    = SIGCOMM_1997,
   Address      = SIGCOMM_1997_ADDR,
   Pages        = "167--179",
   Month        = SEPTEMBER,
   Year         = "1997"
}


@manual{PCI_2.2,
   Title        = "{PCI Local Bus Specification, Revision~2.2}",
   Organization = "{PCI Special Interest Group}",
   Address      = "Hillsboro, Oregon",
   Month        = DECEMBER,
   Year         = 1998
}


@TechReport{PDN_03_010,
  author       = "Timothy Roscoe and Larry Peterson and Scott Karlin
                  and Mike Wawrzoniak",
  title = 	 "{A Simple Common Sensor Interface for PlanetLab}",
  institution =  {{PlanetLab}},
  year = 	 {2003},
  number = 	 {03-010},
  month = 	 MARCH,
  note = 	 {(updated May 2003)},
}


@InProceedings{Peterson_HOTNETS_2002,
   Author       = "Larry Peterson and Tom Anderson and David Culler
                   and Timothy Roscoe",
   Title        = "{A Blueprint for Introducing Disruptive Technology into the
                   Internet}",
   Booktitle    = HOTNETS_2002,
   Address      = HOTNETS_2002_ADDR,
   Month        = OCTOBER,
   Year         = 2002
}


@Article{Peterson_JSAC_2001,
   Author       = "Larry Peterson and Yitzchak Gottlieb and Mike Hibler
                   and Patrick Tullmann and Jay Lepreau and Steve Schwab
                   and Hrishikesh Dandelkar and Andrew Purtell and John Hartman",
   Title        = "{An OS Interface for Active Routers}",
   Journal      = JSAC,
   Volume       = 19,
   Number       = 3,
   Pages        = "473--487",
   Month        = MARCH,
   Year         = 2001
}


@InProceedings{Peterson_HotOS_1999,
   Author       = "Larry L. Peterson and Scott C. Karlin and Kai Li",
   Title        = "{{OS} Support for General-Purpose Routers}",
   Booktitle    = HOTOS_1999,
   Address      = HOTOS_1999_ADDR,
   Pages        = "38--43",
   Month        = MARCH,
   Year         = 1999
}



@Misc{PlanetLab,
  key =          "PlanetLab",
  title =        "{PlanetLab}",
  note =         "{\url{http://www.planet-lab.org}}",
}


@Article{Postel_RFC791,
   Author       = "Jon Postel",
   Title        = "{Internet Protocol; {RFC} 791}",
   Journal      = RFC,
   Month        = SEPTEMBER,
   Year         = 1981
}


@InProceedings{Pradhan_HotOS_1999,
   Author       = "Prashant Pradhan and {Tzi-cker} Chiueh",
   Title        = "{Operating System Support for Programmable Cluster-Based
                    Internet Routers}",
   Booktitle    = HOTOS_1999,
   Address      = HOTOS_1999_ADDR,
   Pages        = "76--81",
   Month        = MARCH,
   Year         = 1999
}


@InProceedings{Pradhan_MUG_2000,
   Author       = "Prashant Pradhan and {Tzi-cker} Chiueh",
   Title        = "{A Cluster-based, Scalable Edge Router Architecture}",
   Booktitle    = MUG_2000,
   Address      = MUG_2000_ADDR,
   Month        = SEPTEMBER,
   Year         = 2000
}


@InProceedings{Pratt_USENIX_2004,
  author       = "Calicrates Policroniades and Ian Pratt",
  title        = "{Alternatives for Detecting Redundancy in Storage
                  Systems Data}",
  booktitle    = USENIX_2004,
  address      = USENIX_2004_ADDR,
  month        = JUNE,
  year         = 2004
}

@TechReport{Pradhan_TR_2000,
   Author       = "Prashant Pradhan and {Tzi-cker} Chiueh",
   Title        = "{A Computational Framework for an Extensible Network Router:
                    Design, Implementation and Evaluation}",
   Institution  = "State University of New York at Stony Brook",
   Number       = "TR--93",
   Month        = MAY,
   Year         = 2000
}


@InProceedings{Pradhan_HotOS_2001,
   Author       = "Prashant Pradhan and Kartik Gopalan and {Tzi-cker} Chiueh",
   Title        = "{Design Issues in System Support for Programmable Routers}",
   Booktitle    = HOTOS_2001,
   Address      = HOTOS_2001_ADDR,
   Pages        = "7--11",
   Month        = MAY,
   Year         = 2001
}


@TechReport{Proper_PDN,
  author =       "Steve Muir and Larry Peterson and Marc Fiuczynski
                  and Justin Cappos and John Hartman",
  title =        "{Proper: Privileged Operations in a Virtualised
                  System Environment}",
  institution =  "{PlanetLab}",
  number =       "{PDN-05-027}",
  year =         2005,
}

@InProceedings{Muir_USENIX_2005,
  author =       "Steve Muir and Larry Peterson and Marc Fiuczynski
                  and Justin Cappos and John Hartman",
  title =        "{Proper: Privileged Operations in a Virtualised
                  System Environment}",
  booktitle =    USENIX_2005,
  address =      USENIX_2005_ADDR,
  year =         2005,
  month =        APRIL,
}


@InProceedings{Provos_USS_2003,
  author =       "Niels Provos",
  title =        "{Improving Host Security with System Call Policies}",
  booktitle =    USS_2003,
  pages =        "257--272",
  year =         2003,
  address =      WASHINGTON_DC,
  month =        AUGUST,
}

@InProceedings{Qie_SIGMETRICS_2001,
   Author       = "Xiaohu Qie and Andy Bavier and Larry Peterson
                   and Scott Karlin",
   Title        = "{Scheduling Computations on a Programmable Router}",
   Booktitle    = SIGMETRICS_2001,
   Address      = SIGMETRICS_2001_ADDR,
   Pages        = "13--24",
   Month        = JUNE,
   Year         = 2001
}


@TechReport{Qie_TR_2000,
   Author       = "Xiaohu Qie and Andy Bavier and Larry Peterson
                   and Scott C. Karlin",
   Title        = "{Scheduling Computations on a Programmable Router}",
   Institution  = "Department of Computer Science, Princeton University",
   Number       = "TR--615--00",
   Month        = NOVEMBER,
   Year         = 2000
}

@inproceedings{ Quinlan_FAST_2002,
  author = "S. Quinlan and S. Dorward",
  title = "Venti: a new approach to archival storage",
  booktitle = "First USENIX conference on File and Storage Technologies",
  address = "Monterey,CA",
  year = "2002",
  url = "citeseer.ist.psu.edu/article/quinlan02venti.html" }


@article{Rabinovich_CNIS_1998,
 author = {Michael Rabinovich and Jeff Chase and Syam Gadde},
 title = "{Not all hits are created equal: cooperative proxy caching over a wide-area network}",
 journal = {Comput. Netw. ISDN Syst.},
 volume = {30},
 number = {22-23},
 year = {1998},
 issn = {0169-7552},
 pages = {2253--2259},
 doi = {http://dx.doi.org/10.1016/S0169-7552(98)00249-9},
 publisher = {Elsevier Science Publishers B. V.},
 address = {Amsterdam, The Netherlands, The Netherlands},
 }



@Manual{RAMiX_PMC694,
   Title        = "{{PMC}/{CompactPCI} Ethernet Controllers Product Family
                    Data Sheet}",
   Organization = "{RAMiX} Incorporated",
   Address      = "Ventura,\ " # CALIFORNIA,
   Year         = 1999
}


@InProceedings{Ranum_LISA_1997,
   Author       = "Marcus J. Ranum and Kent Landfield and Mike Stolarchuk
                   and Mark Sienkiewicz and Andrew Lambeth and Eric Wall",
   Title        = "{Implementing a Generalized Tool For Network Monitoring}",
   Booktitle    = LISA_1997,
   Address      = LISA_1997_ADDR,
   Pages        = "1--8",
   Month        = OCTOBER,
   Year         = 1997
}


@InProceedings{Ratnasamy_INFOCOM_2002,
   Author       = "Sylvia Ratnasamy and Mark Handley and Richard Karp
                   and Scott Shenker",
   Title        = "{Topologically-Aware Overlay Construction and Server
                   Selection}",
   Booktitle    = INFOCOM_2002,
   Address      = INFOCOM_2002_ADDR,
   Pages        = "1190--1199",
   Month        = JUNE,
   Year         = 2002
}


@Article{Rekhter_RFC1771,
   Author       = "Yakov Rekhter and Tony Li",
   Title        = "{A Border Gateway Protocol 4 (BGP--4); {RFC} 1771}",
   Journal      = RFC,
   Month        = MARCH,
   Year         = 1995
}

@Misc{RPM,
  key =          "RPM",
  title =        "{RPM Package Manager}",
  note =         "{\url{http://www.rpm.org/}}",
}



@InProceedings{Rowstron_SOSP_2001,
   Author       = "Antony Rowstron and Peter Druschel",
   Title        = "{Storage Management and Caching in PAST, A Large-Scale
                   Persistent Peer-to-Peer Storage Utility}",
   Booktitle    = SOSP_2001,
   Address      = SOSP_2001_ADDR,
   Pages        = "188--201",
   Month        = OCTOBER,
   Year         = 2001
}


@InProceedings{Rowstron_MIDDLEWARE_2001,
   Author       = "Antony Rowstron and Peter Druschel",
   Title        = "{Pastry: Scalable, distributed object location and routing
                   for large-scale peer-to-peer systems}",
   Booktitle    = MIDDLEWARE_2001,
   Address      = MIDDLEWARE_2001_ADDR,
   Pages        = "329--350",
   Month        = NOVEMBER,
   Year         = 2001
}


@InProceedings{Shalaby_DANCE_2002,
   Author       = "Nadia Shalaby and Larry Peterson and Andy Bavier
                   and Yitzchak Gottlieb and Scott Karlin and Aki Nakao
                   and Xiaohu Qie and Tammo Spalink and Mike Wawrzoniak",
   Title        = "{Extensible Routers for Active Networks}",
   Booktitle    = DANCE_2002,
   Address      = DANCE_2002_ADDR,
   Pages        = "92--116",
   Month        = MAY,
   Year         = 2002
}


@InProceedings{Shapiro_SOSP_1999,
  author =       "J. S. Shapiro and Jonathan M. Smith and David J. Farber",
  title =        "{EROS: A Capability System}",
  booktitle =    SOSP_1999,
  year =         1999,
  address =      SOSP_1999_ADDR,
  month =        DECEMBER,
}


@Article{Smith_Computer_1999,
   Author       = "Jonathan M. Smith and Kenneth L. Calvert and Sandra L. Murphy
                   and Hilarie K. Orman and Larry L. Peterson",
   Title        = "{Activating Networks: A Progress Report}",
   Journal      = "IEEE Computer",
   Volume       = 32,
   Number       = 4,
   Pages        = "32--41",
   Month        = APRIL,
   Year         = 1999
}


@Article{Smith_Network_1993,
   Author       = "Jonathan M. Smith and C. Brendan S. Traw",
   Title        = "{Giving Applications Access to {${\mathrm{Gb/s}}$} Networking}",
   Journal      = "IEEE Network",
   Volume       = 7,
   Number       = 4,
   Pages        = "44--52",
   Month        = JULY,
   Year         = 1993
}


@TechReport{Spalink_TR_2000,
   Author       = "Tammo Spalink and Scott Karlin and Larry Peterson",
   Title        = "{Evaluating Network Processors in {IP} Forwarding}",
   Institution  = "Department of Computer Science, Princeton University",
   Number       = "TR--626--00",
   Month        = NOVEMBER,
   Year         = 2000
}


@InProceedings{Spalink_SOSP_2001,
   Author       = "Tammo Spalink and Scott Karlin and Larry Peterson
                   and Yitzchak Gottlieb",
   Title        = "{Building a Robust Software-Based Router Using Network
                    Processors}",
   Booktitle    = SOSP_2001,
   Address      = SOSP_2001_ADDR,
   Pages        = "216--229",
   Month        = OCTOBER,
   Year         = 2001
}

@misc{Spalink_PDN,
   Author       = "Brent Chun and Tammo Spalink",
   Title        = "{Slice Creation and Management}",
   Booktitle    = "{PDN-03-013}",
   Note         = "{\url{http://www.planet-lab.org/}}",
   Month        = JUNE,
   Year         = 2003
}

@misc{Slices_PDN,
   Author       = "Larry Peterson and John Hartman and Steve Muir and
                   Timothy Roscoe and Mic Bowman",
   Title        = "{Evolving the Slice Abstraction}",
   Booktitle    = "{PDN-04-017}",
   Month        = JANUARY,
   Year         = 2004,
   url          = "{\url{http://www.planet-lab.org/}}",
}


@TechReport{Spatscheck_TR_1998,
   Author       = "Oliver Spatscheck and Jorgen Hansen and John Hartman
                   and Larry Peterson",
   Title        = "{Optimizing TCP Forwarder Performance}",
   Number       = "89--6",
   Institution  = "Department of Computer Science, University of Arizona",
   Month        = FEBRUARY,
   Year         = 1998
}


@Article{Spatscheck_TON_2000,
   Author       = "Oliver Spatscheck and Jorgen Hansen and John Hartman
                   and Larry Peterson",
   Title        = "{Optimizing TCP Forwarder Performance}",
   Journal      = TON,
   Volume       = 8,
   Number       = 2,
   Pages        = "146--157",
   Month        = APRIL,
   Year         = 2000
}


@InProceedings{Spencer_USS_1999,
  author =       "Ray Spencer and Stephen Smalley and Peter Loscocco
                  and Mike Hibler and David Andersen and Jay Lepreau",
  title =        "{The Flask Security Architecture: System Support for
                  Diverse Security Policies}",
  booktitle =    USS_1999,
  year =         1999,
  address =      WASHINGTON,
  month =        AUGUST,
}

@InProceedings{Spring_USITS_2003,
   Author       = "Neil Spring and David Wetherall and Tom Anderson",
   Title        = "Scriptroute: A facility for distributed Internet measurement",
   Booktitle    = USITS_2003,
   Address      = USITS_2003_ADDR,
   Month        = MARCH,
   Year         = 2003
}



@Misc{Squid,
  key =          "Squid",
  title =        "{squid : Optimising Web Delivery}",
  note =         "{\url{http://www.squid-cache.org/}}",
}


@InProceedings{Srinivasan_SIGCOMM_1998,
   Author       = "V. Srinivasan and G. Varghese and S. Suri and M. Waldvogel",
   Title        = "{Fast and Scalable Level Four Switching}",
   Booktitle    = SIGCOMM_1998,
   Address      = SIGCOMM_1998_ADDR,
   Pages        = "191--202",
   Month        = SEPTEMBER,
   Year         = 1998
}


@Article{Srinivasan_TOCS_1999,
   Author       = {Venkatachary Srinivasan and George Varghese},
   Title        = {Fast Address Lookups using Controlled Prefix Expansion},
   Journal      = TOCS,
   Volume       = 17,
   Number       = 1,
   Pages        = "1--40",
   Month        = FEBRUARY,
   Year         = 1999,
}


@InProceedings{Stoica_SIGCOMM_2001,
   Author       = "Ion Stoica and Robert Morris and David Karger
                   and Frans Kaashoek and Hari Balakrishnan",
   Title        = "{Chord: A Peer-to-Peer Lookup Service for Internet
                   Applications}",
   Booktitle    = SIGCOMM_2001,
   Address      = SIGCOMM_2001_ADDR,
   Pages        = "149--160",
   Month        = AUGUST,
   Year         = 2001
}


@Misc{Stork,
  key =          "Stork",
  title =        "{Stork}",
  note =         "{\url{http://www.cs.arizona.edu/stork}}",
}



@InProceedings{Subramanian_HOTNETS_2002,
   Author       = "Lakshminarayanan Subramanian and Ion Stoica
                   and Hari Balakrishnan and Randy Katz",
   Title        = "{OverQoS: Offering Internet QoS Using Overlays}",
   Booktitle    = HOTNETS_2002,
   Address      = HOTNETS_2002_ADDR,
   Month        = OCTOBER,
   Year         = 2002
}


@InProceedings{Taylor_OPENARCH_2001,
   Author       = "David E. Taylor and Jon S. Turner and John W. Lockwood",
   Title        = "{Dynamic Hardware Plugins (DHP): Exploiting Reconfigurable
                    Hardware for High-Performance Programmable Routers}",
   Booktitle    = OPENARCH_2001,
   Address      = OPENARCH_2001_ADDR,
   Pages        = "25--34",
   Month        = APRIL,
   Year         = 2001
}

@inproceedings{Thekkath_SOSP_97,
 author = {Chandramohan A. Thekkath and Timothy Mann and Edward K. Lee},
 title = "{Frangipani: a scalable distributed file system}",
 booktitle = "{SOSP '97: Proceedings of the Sixteenth ACM Symposium on Operating Systems Principles}",
 year = {1997},
 isbn = {0-89791-916-5},
 pages = {224--237},
 location = {Saint Malo, France},
 doi = {http://doi.acm.org/10.1145/268998.266694},
 publisher = {ACM Press},
 address = {New York, NY, USA},
 }


@Article{Traw_JSAC_1993,
   Author       = "C. Brendan S. Traw and Jonathan M. Smith",
   Title        = "{Hardware/Software Organization of a High-Performance
                    ATM Host Interface}",
   Journal      = JSAC # " (Special Issue on High Speed Computer/Network Interfaces)",
   Volume       = 11,
   Number       = 2,
   Pages        = "240--253",
   Year         = 1993
}


@InProceedings{Tucker_VM_2004,
  author =       "Andrew Tucker and David Comay",
  title =        "{Solaris Zones: Operating System Support for Server
                  Consolidation}",
  booktitle =    "3rd Virtual Machine Research and Technology Symposium
                  Works-in-Progress",
  year =         2004,
  address =      "San Jose, CA",
  month =        MAY,
}

@Misc{UML_WEB,
  key =          "user-mode linux",
  title =        "{User-Mode Linux}",
  note =         "\\{\url{http://user-mode-linux.sourceforge.net/}}",
}


@Misc{VirtualPC_WEB,
  key =          "virtual pc",
  title =        "{Virtual PC}",
  note =         "\\{\url{http://www.microsoft.com/windows/\\
virtualpc/default.mspx}}",
}

@Misc{VMWare_WEB,
  key =          "vmware",
  title =        "{VMWare}",
  note =         "\\{\url{http://www.vmware.com/}}",
}

@Misc{vservers,
   Author       = "{Linux VServers Project}",
   Title	= "",
   Note         = "\\{\url{http://linux-vserver.org/}}"
}


@Misc{virtuozzo,
  author =        "{SWSoft}",
  title =         "{Virtuozzo Technology}",
  note = "{\url{http://www.sw-soft.com/en/products/virtuozzo/}}",
}


@Manual{Vitesse_IQ2000,
   Title        = "{{IQ2000} Network Processor Product Brief}",
   Organization = "Vitesse Semiconductor Corporation",
   Address      = "Longmont, Colorado",
   Year         = 2000
}


@InProceedings{vonEicken_SOSP_1995,
   Author       = "Thorsten von Eicken and Anindya Basu and Vineet Buch
                   and Werner Vogels",
   Title        = "{{U-Net}: A User-Level Network Interface for Parallel and
                    Distributed Computing}",
   Booktitle    = SOSP_1995,
   Address      = SOSP_1995_ADDR,
   Pages        = "40--53",
   Month        = DECEMBER,
   Year         = 1995
}


@InProceedings{Waldspurger_OSDI_1994,
   Author       = "Carl A. Waldspurger and William E. Weihl",
   Title        = "{Lottery Scheduling: Flexible Proportional-Share
                    Resource Management}",
   Booktitle    = OSDI_1994,
   Address      = OSDI_1994_ADDR,
   Pages        = "1--11",
   Month        = NOVEMBER,
   Year         = 1994
}

@Article{Waldspurger_OSR_2002,
   Author       = "Carl A Waldspurger",
   Title        = "{Memory resource management in VMware ESX server}",
   Journal      = OSR,
   Volume       = 36,
   Number       = SI,
   Pages        = "181--194",
   Month        = Winter,
   Year         = 2002
}

@InProceedings{Waldvogel_SIGCOMM_1997,
   Author       = "M. Waldvogel and G. Varghese and J. Turner and B. Plattner",
   Title        = "{Scalable High Speed IP Routing Lookups}",
   Booktitle    = SIGCOMM_1997,
   Address      = SIGCOMM_1997_ADDR,
   Pages        = "25--36",
   Month        = OCTOBER,
   Year         = 1997
}


@Article{Walton_Computer_1998,
   Author       = "Simon Walton and Anne Hutton and Joe Touch",
   Title        = "{High-Speed Data Paths in Host-Based Routers}",
   Journal      = COMPUTER,
   Volume       = 31,
   Number       = 11,
   Pages        = "46--52",
   Month        = NOVEMBER,
   Year         = 1998
}


@InProceedings{Wang_OSDI_2002,
   Author       = "Limin Wang and Vivek Pai and Larry Peterson",
   Title        = "{The Effectiveness of Request Redirection on CDN Robustness}",
   Booktitle    = OSDI_2002,
   Address      = OSDI_2002_ADDR,
   Pages        = "345--360",
   Month        = DECEMBER,
   Year         = 2002
}


@InProceedings{Wang_USENIX_2002,
   Author       = "Limin Wang and KyoungSoo Park and Ruoming Pang and Vivek Pai and Larry Peterson",
   Title        = "{Reliability and Security in the CoDeeN Content Distribution Network}",
   Booktitle    = USENIX_2002,
   Booktitle    = USENIX_2002_ADDR,
   address =      SAN_FRANCISCO,
   year =         2002,
   month =        AUGUST
}



@InCollection{Watson_LNCS_1981,
  author =       "Richard W. Watson",
  title =        "{Identifiers (Naming) in Distributed Systems}",
  booktitle =    "Distributed Systems---Architecture and
                  Implementation, An Advanced Course",
  pages =        "191--210",
  publisher =    "Springer-Verlag",
  year =         1981,
}

@InProceedings{Wawrzoniak_HOTNETS_2003,
   Author       = "Mike Wawrzoniak and Larry Peterson and Timothy Roscoe",
   Title        = "{Sophia: An Information Plane for Networked Systems}",
   Booktitle    = HOTNETS_2003,
   Address      = HOTNETS_2003_ADDR,
   Month        = NOVEMBER,
   Year         = 2003
}


@InProceedings{Wetherall_SOSP_1999,
   Author       = "David Wetherall",
   Title        = "{Active network vision and reality: lessons from a
                    capsule-based system}",
   Booktitle    = SOSP_1999,
   Address      = SOSP_1999_ADDR,
   Pages        = "64--79",
   Month        = DECEMBER,
   Year         = 1999
}




@Misc{wget,
  key =          "wget",
  title =        "{GNU Wget - GNU Project - Free Software Foundation (FSF)}",
  note =         "{\url{http://www.gnu.org/software/wget/wget.html}}",
}
@InProceedings{Whitaker_OSDI_2002,
   Author       = "Andrew Whitaker and Marianne Shaw and Steven D. Gribble",
   Title        = "{Scale and Performance in the Denali Isolation Kernel}",
   Booktitle    = OSDI_2002,
   Address      = OSDI_2002_ADDR,
   Pages        = "195--209",
   Year         = 2002,
   Month        = {December}
}


@InProceedings{White_OSDI_2002,
   Author       = "Brian White and Jay Lepreau and Leigh Stoller and
                   Robert Ricci and Shashi Guruprasad and Mac Newbold and
                   Mike Hibler and Chad Barb and Abhijeet Joglekar",
   Title        = "{An Integrated Experimental Environment for Distributed
                   Systems and Networks}",
   Booktitle    = OSDI_2002,
   Address      = OSDI_2002_ADDR,
   Pages        = "255--270",
   Month        = DECEMBER,
   Year         = 2002
}


@Misc{WinProxy,
  key =          "WinProxy",
  title =        "{WinProxy}",
  note =         "{\url{http://www.winproxy.com/index.asp}}",
}







@InProceedings{Wright_USS_2002,
  author =       "Chris Wright and Crispin Cowan and Stephen Smalley
                  and James Morris and Greg Kroah-Hartman",
  title =        "{Linux Security Modules: General Security Support
                  for the Linux Kernel}",
  booktitle =    "Proceedings of the 11th USENIX Security Symposium",
  address =      SAN_FRANCISCO,
  year =         2002,
  month =        AUGUST
}


@InProceedings{Xie_RAID_2004,
  author =       "Y. Xie and H. Kim and D. O'Hallaron and M. Reiter
                  and H. Zhang",
  title =        "{Seurat: A Pointillist Approach to Anomaly
                  Detection}",
  booktitle =    "Proceedings of the 7th International Symposium on
                  Recent Advances in Intrusion Detection (RAID 2004)",
  year =         2004,
  month =        SEPTEMBER
}


@Misc{Yum,
  key =          "Yum",
  title =        "{Yum: Yellow Dog Updater Modified}",
  note =         "{\url{http://linux.duke.edu/projects/yum/}}",
}


@InProceedings{Zhang_ICNP,
   Author       = "M. Zhang and B. Karp and S. Floyd and L. Peterson",
   Title        = "{RR-TCP: A Reordering-Robust TCP with DSACK}",
   Booktitle    = ICNP_2003,
   Address      = ICNP_2003_ADDR,
   Month        = NOVEMBER,
   Year         = 2003
}






@Misc{GoogleDistroPopularity,
  key =          "Google Distro Popularity",
  title =        "{gPowered: By the Power of Google...: Linux Distro Popularity
According to Google}",
  note =         "{\url{http://blog.gpowered.net/2007/10/linux-distro-popularity-according-to.html}}",
}





@Misc{dpkgRPMdiff,
  key =          "package type differences",
  title =        "{Re: Differences of Debian vs. the Other Guys}",
  note =         "{\url{http://lists.debian.org/debian-devel/1998/06/msg00128.html}}",
}





@Misc{Synaptic,
  key =          "Synaptic",
  title =        "{Synaptic Package Manager - Home}",
  note =         "{\url{http://www.nongnu.org/synaptic/}}",
}







@Misc{KPackage,
  key =          "KPackage",
  title =        "{The KPackage Handbook}",
  note =         "{\url{http://docs.kde.org/development/en/kdeadmin/kpackage/}}",
}





@Misc{YaST,
  key =          "YaST",
  title =        "{YaST - openSuSE}",
  note =         "{\url{http://en.opensuse.org/YaST}}",
}


@string{OSDI02 = "Proc.\ of the Fifth Symposium on Operating Systems Design and Implementation"}
@string{USENIXASSOC = "{USENIX} {Association}"}

@InProceedings{emulab,
        Author = {Brian White and Jay Lepreau and Leigh Stoller and
                  Robert Ricci and Shashi Guruprasad and Mac Newbold and
                  Mike Hibler and Chad Barb and Abhijeet Joglekar},
        Title={An Integrated Experimental Environment
                 for Distributed Systems and Networks},
        booktitle = OSDI02,
	organization = USENIXASSOC,
        address = {Boston, MA},
        month  = dec,
        year   = 2002,
	pages  = "255--270"
}

@inproceedings{TOR,
 author = {Dingledine, Roger and Mathewson, Nick and Syverson, Paul},
 title = "{Tor: the second-generation onion router}",
 booktitle = "{Proceedings of the 13th conference on USENIX Security Symposium - Volume 13}",
 series = {SSYM'04},
 year = {2004},
 location = {San Diego, CA},
 pages = {21--21},
 numpages = {1},
 url = {http://portal.acm.org/citation.cfm?id=1251375.1251396},
 acmid = {1251396},
 publisher = {USENIX Association},
 address = {Berkeley, CA, USA},
}

@inproceedings{TORattacks,
 author = {Bauer, Kevin and McCoy, Damon and Grunwald, Dirk and Kohno, Tadayoshi and Sicker, Douglas},
 title = {Low-resource routing attacks against tor},
 booktitle = {Proceedings of the 2007 ACM workshop on Privacy in electronic society},
 series = {WPES '07},
 year = {2007},
 isbn = {978-1-59593-883-1},
 location = {Alexandria, Virginia, USA},
 pages = {11--20},
 numpages = {10},
 url = {http://doi.acm.org/10.1145/1314333.1314336},
 doi = {http://doi.acm.org/10.1145/1314333.1314336},
 acmid = {1314336},
 publisher = {ACM},
 address = {New York, NY, USA},
 keywords = {anonymity, load balancing, tor, traffic analysis},
}


@Misc{Adult,
  key =          "Adult",
  title =        "{Adult Data Set}",
  note =         {\url{http://rss.acs.unt.edu/Rdoc/library/arules/html/Adult.html}},
}

@Misc{https,
  key =          "https",
  title =        "{RFC2818: HTTP over TLS}",
  note =         {\url{http://tools.ietf.org/html/rfc2818}},
}

@Misc{d710,
  key =          "d710",
  title =        "{Emulab d710 Node Type Information}",
  note =         {\url{https://www.emulab.net/shownodetype.php3?node_type=d710}},
}

@Misc{IntelCompare,
  key =          "IntelCompare",
  title =        "{Compare of Intel E5506 to E5345}",
  note =         {\url{http://ark.intel.com/Compare.aspx?ids=37096,28032}},
}

@Misc{Slackware,
  key =          "Slackware",
  title =        "{Slackware Package Management}",
  note =         "{\url{http://www.slacksite.com/slackware/packages.html}}",
}

@Misc{aws,
  key =          "aws",
  title =        "{AWS Instance Types}",
  note =         {\url{http://aws.amazon.com/ec2/#instance}},
}

@Misc{DistroWatchPopularity,
  key =          "DistroWatchPopularity",
  title =        "{DistroWatch.com: Editorial: How Popular is a Distribution?}",
  note =         "{\url{http://distrowatch.com/weekly.php?issue=20070827#feature}}",
}

@Misc{popcon,
  key =          "popcon",
  title =        "{Ubuntu Popularity Contest}",
  note =         {\url{http://popcon.ubuntu.com/}},
}

@MISC{tkprivate,
    author = {Carlo Blundo and Paolo D'Arco and Alfredo De Santis},
    title = "{A t-Private k-Database Private Information Retrieval Scheme}",
    year = {2002}
}

@incollection{UnifiedConstruction,
   author = {Beimel, Amos and Ishai, Yuval},
   affiliation = {Ben-Gurion University Israel},
   title = "{Information-Theoretic Private Information Retrieval: A Unified Construction}",
   booktitle = {Automata, Languages and Programming},
   series = {Lecture Notes in Computer Science},
   editor = {Orejas, Fernando and Spirakis, Paul and van Leeuwen, Jan},
   publisher = {Springer Berlin / Heidelberg},
   isbn = {},
   pages = {912-926},
   volume = {2076},
   note = "{\url{http://dx.doi.org/10.1007/3-540-48224-5\_74}}",
   year = {2001}
}

@inproceedings{SymPIR,
  author    = {Sanjeev Kumar Mishra and
               Palash Sarkar},
  title     = {Symmetrically Private Information Retrieval},
  booktitle = {INDOCRYPT},
  year      = {2000},
  pages     = {225-236},
  ee        = {http://dx.doi.org/10.1007/3-540-44495-5_20},
  bibsource = {DBLP, http://dblp.uni-trier.de}
}}


@Misc{DistroWatchFacts,
  key =          "DistroWatchFacts",
  title =        "{DistroWatch.com: Linux Distributions - Facts and Figures}",
  note =         "{\url{http://distrowatch.com/stats.php?section=packagemanagement}}",
}





@Misc{PortageSigning,
  key =          "PortageSigning",
  title =        "{'[gentoo-security] The state of ebuild signing in portage' - MARC}",
  note =         "{\url{http://marc.info/?l=gentoo-security&m=105073449619892&w=2}}",
}





@Misc{Pacman,
  key =          "Arch Linux Installation",
  title =        "{Arch Linux (Don't Panic) Installation Guide}",
  note =         "{\url{http://www.archlinux.org/static/docs/arch-install-guide.txt}}",
}





@Misc{PacmanMITM,
  key =          "PacmanMITM",
  title =        "{Arch Linux Forums / Pacman vulnerable to MITM attacks?}",
  note =         "{\url{http://bbs.archlinux.org/viewtopic.php?id=35609}}",
}






@Misc{PacmanSigning,
  key =          "PacmanSigning",
  title =        "{Arch Linux Forums / Package signing}",
  note =         "{\url{http://bbs.archlinux.org/viewtopic.php?id=27867}}",
}







@Misc{AptPackageTrust,
  key =          "AptPackageTrust",
  title =        "{Understanding and Managing Package Trust}",
  note =         "{\url{http://people.debian.org/~dburrows/aptitude-doc/en/ch02s02s06.html}}",
}





@Misc{DebianWiki,
  key =          "DebianWiki",
  title =        "{Debian - Wikipedia, the free encyclopedia}",
  note =         "{\url{http://en.wikipedia.org/wiki/Debian}}",
}





@Misc{DebianCompromises,
  key =          "DebianCompromises",
  title =        "{Debian Investigation Report after Server Compromises}",
  note =         "{\url{http://people.debian.org/~terpstra/message/20031202.142351.b5dc19f4.en.html}}",
}





@Misc{APTHOWTO,
  key =          "APTHOWTO",
  title =        "{APT HOWTO}",
  note =         "{\url{http://www.debian.org/doc/manuals/apt-howto/}}",
}





@Misc{SecureApt,
  key =          "SecureApt",
  title =        "{SecureApt - Debian Wiki}",
  note =         "{\url{http://wiki.debian.org/SecureApt}}",
}






@Misc{CronApt,
  key =          "CronApt",
  title =        "{Debian Administration :: A short introduction to cron-apt.}",
  note =         "{\url{http://www.debian-administration.org/articles/162}}",
}





@Misc{DebianVirtualPackageNames,
  key =          "DebianVirtualPackageNames",
  title =        "{Authoritative List of Virtual Package Names.}",
  note =         "{\url{http://www.debian.org/doc/packaging-manuals/virtual-package-names-list.txt}}",
}




@Misc{DebianPackageRelationships,
  key =          "DebianPackageRelationships",
  title =        "{Debian Policy Manual - Declaring relationships between packages}",
  note =         "{\url{http://www.debian.org/doc/debian-policy/ch-relationships.html#s-virtual}}",
}




@Misc{DebianDevelopersReference,
  key =          "DebianDevelopersReference",
  title =        "{Debian Developer's Reference}",
  note =         "{\url{http://www.debian.org/doc/packaging-manuals/developers-reference/}}",
}






@Misc{GPGSubkeys,
  key =          "GPGSubkeys",
  title =        "{Using multiple subkeys in GPG}",
  note =         "{\url{http://fortytwo.ch/gpg/subkeys}}",
}





@Misc{RSAChallenge,
  key =          "RSAChallenge",
  title =        "{RSA Laboratories - The RSA Challenge Numbers}",
  note =         "{\url{http://www.rsa.com/rsalabs/node.asp?id=2093}}",
}





@Misc{RSAFactoringWiki,
  key =          "RSAFactoringWiki",
  title =        "{RSA Factoring Challenge - Wikipedia, the free encyclopedia}",
  note =         "{\url{http://en.wikipedia.org/wiki/RSA_Factoring_Challenge}}",
}





@Misc{RSA640,
  key =          "RSA640",
  title =        "{RSA Laboratories - RSA-640 is factored!}",
  note =         "{\url{http://www.rsa.com/rsalabs/node.asp?id=2964}}",
}





@Misc{StormWorm,
  key =          "StormWorm",
  title =        "{Storm worm: More powerful than Blue Gene? - ZDNet UK}",
  note =         "{\url{http://news.zdnet.co.uk/security/0,1000000189,39289226,00.htm}}",
}



@Misc{Urpmi,
  key =          "URPMI",
  title =        "{URPMI}",
  note =         "{\url{http://www.urpmi.org/}}",
}






@Misc{Apt-RPM,
  key =          "Apt-RPM",
  title =        "{APT-RPM}",
  note =         "{\url{http://apt-rpm.org/}}",
}








@Misc{CERT,
  key =          "CERT",
  title =        "{CERT}",
  note =         "{\url{http://www.cert.org/}}",
}






@Misc{GovCertUK,
  key =          "GovCertUK",
  title =        "{GovCertUK}",
  note =         "{\url{http://www.govcertuk.gov.uk/}}",
}


@InProceedings{Stork_LISA,
   Author       = "Justin Cappos and Scott Baker and Jeremy Plichta and
                   Duy Nyugen and Jason Hardies and Matt Borgard and Jeffry
                   Johnston and John Hartman",
   Title        = "{Stork: Package Management for Distributed VM Environments}",
   Booktitle    = LISA_2007,
   Address      = LISA_2007_ADDR,
   Year         = 2007
}



@InProceedings{Cappos_WORLDS_2005,
   Author       = "Justin Cappos and John Hartman",
   Title        = "{Why It Is Hard to Build a Long Running Service on Planetlab}",
   Booktitle    = WORLDS_2005,
   year =         2005,
   address =      SAN_FRANCISCO,
   month =        DECEMBER,
}




@Misc{SquirrelMailPoisoning,
  key =          "SquirrelMailPoisoning",
  title =        "{SquirrelMail Repository Poisoned with Critical flaw}",
  note =         "{\url{http://www.beskerming.com/commentary/2007/12/19/313/SquirrelMail_Repository_Poisoned_with_Critical_flaw}}",
}



@Misc{dpkg-sigman,
  key =          "dpkg-sigman",
  title =        "{man dpkg-sig}",
  note =         "{\url{http://pwet.fr/man/linux/commandes/dpkg_sig}}",
}




@Misc{debsigs,
  key =          "debsigs",
  title =        "{debsigs - What is debsigs}",
  note =         "{\url{http://linux.about.com/cs/linux101/g/debsigs.htm}}",
}








@Misc{UniversalMITM,
  key =          "UniversalMITM",
  title =        "{RSA Alert: New Universal Man-in-the-Middle Phishing Kit Discovered}",
  note =         "{\url{http://www.rsa.com/press_release.aspx?id=7667}}",
}



@Misc{dsniff,
  key =          "dsniff",
  title =        "{dsniff}",
  note =         "{\url{http://monkey.org/~dugsong/dsniff/}}",
}



@InProceedings{Godber_PPW_2003,
   Author       = "A. Godber and P. Dasgupta",
   Title        = "{Countering rogues in wireless networks}",
   Booktitle    = "2003 International Conference on Parallel Processing Workshops",
   year =         2003,
   month =        OCTOBER,
}



@InProceedings{Yuan_ICC_2006,
   Author       = "Lihua Yuan and K. Kant and P. Mohapatra and Chen-Nee Chuah",
   Title        = "{DoX: A Peer-to-Peer Antidote for DNS Cache Poisoning Attacks}",
   Booktitle    = "2006 IEEE International Conference on Communications",
   year =         2006,
   month =        JUNE,
}


@article{Samuel_login_2008,
 author = "Justin Samuel and Jeremy Plichta and Justin Cappos",
 title = "{Centralized Package Management Using Stork}",
 journal = {;login: Magazine},
 year = 2008,
 month = FEBRUARY,
 }


@article{Samuel_login_2009,
 author = "Justin Samuel and Justin Cappos",
 title = "{Package Managers Still Vulnerable: How To Protect Your Systems}",
 journal = {;login: Magazine},
 year = 2009,
 month = FEBRUARY,
 }



@Misc{FedoraMirror,
  key =          "FedoraMirror",
  title =        "{Infrastructure/Mirroring -- Fedora Project Wiki}",
  note =         "{\url{http://fedoraproject.org/wiki/Infrastructure/Mirroring}}",
}


@Misc{WindowsUpdate,
    key = "WindowsUpdate",
    title = "{Windows Update}",
    note = {\url{http://windows.microsoft.com/en-US/windows/help/windows-update}}
}



@Misc{iPhonemalicious,
  key =          "iPhonemalicious",
  title =        "{MMi Public Service Announcement -- Malicious Installer Source Warning}",
  note =         "{\url{http://www.modmyifone.com/forums/showthread.php?t=24323}}",
}



@Misc{NetcraftServerPopularity,
  key =          "NetcraftServerPopularity",
  title =        "{Netcraft: Strong growth for Debian}",
  note =         "{\url{http://news.netcraft.com/archives/2005/12/05/strong_growth_for_debian.html}}",
}






@Misc{BSDpkgadd,
  key =          "BSDpkgadd",
  title =        "{Installing Applications: Packages and Ports}",
  note =         "{\url{http://www.freebsd.org/doc/en_US.ISO8859-1/books/handbook/ports.html}}",
}


@Misc{Codesign,
  key =         "Codesign",
  title =       "{Introduction to Code Signing}",
  note =        "{\url{http://msdn2.microsoft.com/en-us/library/ms537361.aspx}}",
}

@Misc{Verisign,
  key =         "Verisign",
  title =       "{Verisign Corporation}",
  note =        "{\url{http://www.verisign.com/}}",
}


@InProceedings{freebsdupdate,
   Author       = "Colin Percival",
   Title        = "{An Automated Binary Security Update System for FreeBSD}",
   Booktitle    = BSDCON_2003,
   Address      = "San Mateo, CA",
   Pages        = "29-34",
   Month        = SEPTEMBER,
   Year         = 2003
}

@InProceedings{deployme,
   Author       = "Kyle Oppenheim and Patrick McCormick",
   Title        = "{Deployme: Tellme's Package Management and Deployment System}",
   Booktitle    = LISA_2000,
   Address      = "New Orleans, LA",
   Pages        = "187-196",
   Month        = DECEMBER,
   Year         = 2000
}

@InProceedings{depot,
   Author       = "Kenneth Manheimer and Barry A. Warsaw and Stephen N. Clark and Walter Rowe",
   Title        = "{The Depot: A Framework for Sharing Software Installation Across Organizational and UNIX Platform Boundaries}",
   Booktitle    = LISA_1990,
   Address      = "Colorado Springs, CO",
   Pages        = "37-46",
   Month        = OCTOBER,
   Year         = 1990
}

@InProceedings{safari,
   Author       = "Bill Fithen and Steve Kalinowski and Jeff Carpenter and Jed Pickel",
   Title        = "{Infrastructure: A Prerequisite for Effective Security}",
   Booktitle    = LISA_1998,
   Address      = "Boston, MA",
   Pages        = "11-26",
   Month        = DECEMBER,
   Year         = 1998
}


@inproceedings{WindowsUpdateSIGCOMM,
 author = {Christos Gkantsidis and Thomas Karagiannis and Milan VojnoviC},
 title = "{Planet scale software updates}",
 booktitle = "{SIGCOMM '06: Proceedings of the 2006 conference on Applications, technologies, architectures, and protocols for computer communications}",
 year = {2006},
 isbn = {1-59593-308-5},
 pages = {423--434},
 location = {Pisa, Italy},
 doi = {http://doi.acm.org/10.1145/1159913.1159961},
 publisher = {ACM},
 address = {New York, NY, USA},
 }



@Misc{MacSoftwareUpdate,
  key =          "MacSoftwareUpdate",
  title =        "{Apple -- Software Update}",
  note =         "{\url{http://www.apple.com/softwareupdate/}}",
}




@InProceedings{Bellissimo_HOTSEC_06,
   Author       = "Anthony Bellissimo and John Burgess and Kevin Fu",
   Title        = "{Secure Software Updates: Disappointments and New Challenges}",
   Booktitle    = "1st USENIX Workshop on Hot Topics in Security",
   Address      = "Vancouver, Canada",
   Pages        = "37-43",
   Month        = JULY,
   Year         = 2006
}


@inproceedings{SUNDR,
 author = {David Mazi\`{e}res and Dennis Shasha},
 title = "{Building secure file systems out of byzantine storage}",
 booktitle = {PODC '02: Proceedings of the twenty-first annual symposium on Principles of distributed computing},
 year = {2002},
 isbn = {1-58113-485-1},
 pages = {108--117},
 location = {Monterey, California},
 doi = {http://doi.acm.org/10.1145/571825.571840},
 publisher = {ACM},
 address = {New York, NY, USA},
 }




@Misc{InstallShield,
  key =          "InstallShield",
  title =        "{InstallShield -- Installation Tool}",
  note =         "{\url{http://www.macrovision.com/products/installation/installshield.htm}}",
}






@Misc{Wise,
  key =          "Wise",
  title =        "{Software Packaging and Installation Authoring Tools -- Altris, Inc.}",
  note =         "{\url{http://www.wise.com/}}",
}


@inproceedings{MurphySecurity,
 author = {Wietse Venema},
 title = "{Murphy's law and computer security}",
 booktitle = {SSYM'96: Proceedings of the 6th conference on USENIX Security Symposium, Focusing on Applications of Cryptography},
 year = {1996},
 pages = {19--19},
 location = {San Jose, California},
 publisher = {USENIX Association},
 address = {Berkeley, CA, USA},
}



@InProceedings{Wurster_HOTSEC_07,
   Author       = "Glenn Wurster and P.C. van Oorschot",
   Title        = "{Self-Signed Executables: Restricting Replacement of Program Binaries by Malware}",
   Booktitle    = "2nd USENIX Workshop on Hot Topics in Security",
   Address      = "Boston, MA",
   Month        = AUGUST,
   Year         = 2007
}

@misc{WashPost_updater_nuclear,
  key       = "WashPost_updater_nuclear",
  title     = "{Cyber Incident Blamed for Nuclear Power Plant Shutdown}",
  author    = {Brian Krebs},
  month     = JUNE,
  year      = 2008,
  note      = "{\url{http://www.washingtonpost.com/wp-dyn/content/article/2008/06/05/AR2008060501958.html}}",
}

@misc{CNET_updater_airport,
  key       = "CNET_updater_airport",
  title     = "{Testing glitch causes U.K. airport chaos}",
  author    = "Rupert Goodwins",
  month     = JUNE,
  year      = 2004,
  note      = "{\url{http://news.cnet.com/Testing-glitch-causes-U.K.-airport-chaos/2100-1012_3-5225849.html?tag=nw.1}}",
}

@misc{Computerworld_updater_airport,
  key       = "Computerworld_updater_airport",
  title     = "{Software Upgrade Glitch Grounds Los Angeles Airport}",
  author    = "Lee Copeland",
  month     = OCTOBER,
  year      = 2000,
  note      = "{\url{http://www.computerworld.com/industrytopics/transportation/story/0,10801,52716,00.html}}",
}

@misc{NewScientist_updater_space_probe,
  key       = "NewScientist_updater_space_probe",
  title     = "{Software 'Fix' Responsible for Loss of Mars Probe}",
  author    = "Maggie McKee",
  month     = APRIL,
  year      = 2007,
  note      = "{http://www.newscientist.com/article/dn11608-software-fix-responsible-for-loss-of-mars-probe.html}",
}

@misc{GAO_updater_patriot_missle,
  key       = "GAO_updater_patriot_missle",
  title     = "{GAO Report: Patriot Missile Defense-- Software Problem Led to System Failure at Dhahran, Saudi Arabia.}",
  author    = "United States General Accounting Office",
  month     = FEBRUARY,
  year      = 1992,
  note      = "{\url{http://www.fas.org/spp/starwars/gao/im92026.htm}}",
}

@misc{Evilgrade,
  key       = "Evilgrade",
  title     = "{ISR-evilgrade}",
  author    = "Francisco Amato",
  note      = "{\url{http://www.infobyte.com.ar/down/isr-evilgrade-Readme.txt}}",
}

@misc{RedHat_malicious_openssh_signed,
  key       = "RedHat_malicious_openssh_signed",
  title     = "{Critical: openssh security update}",
  month     = AUGUST,
  year      = 2008,
  note      = "{\url{http://rhn.redhat.com/errata/RHSA-2008-0855.html}}",
}

@misc{Fedora_signing_server_compromised,
  key       = "Fedora_signing_server_compromised",
  title     = "{Infrastructure report, 2008-08-22 UTC 1200}",
  author    = "Paul W. Frields",
  month     = AUGUST,
  year      = 2008,
  note      = "{\url{https://www.redhat.com/archives/fedora-announce-list/2008-August/msg00012.html}}",
}

@misc{FedoraProject_enabling_new_key,
  key       = "FedoraProject_enabling_new_key",
  title     = "{Enabling new signing key}",
  note      = "{\url{https://fedoraproject.org/wiki/Enabling_new_signing_key}}",
}

@misc{FedoraProject_new_signing_key,
  key       = "FedoraProject_new_signing_key",
  title     = "{New signing key}",
  note      = "{\url{https://fedoraproject.org/wiki/New_signing_key}}",
}

@InProceedings{Cappos_CCS_08,
  author    = "Justin Cappos and Justin Samuel and Scott Baker and John Hartman",
  title     = "{A Look in the Mirror: Attacks on Package Managers}",
  booktitle = CCS_2008,
  year      = {2008},
  pages     = {565--574},
  location  = {Alexandria, Virginia},
  publisher = {ACM},
  address   = {New York, NY, USA},
}

@misc{Sotirov_rogue_CA_cert,
  key       = "Sotirov_rogue_CA_cert",
  title     = "{MD5 considered harmful today: Creating a rogue CA certificate}",
  author    = "Alexander Sotirov and Marc Stevens and Jacob Appelbaum and Arjen Lenstra and David Molnar and Dag Arne Osvik and Benne de Weger",
  month     = DECEMBER,
  year      = 2008,
  note      = "{\url{http://www.win.tue.nl/hashclash/rogue-ca/}}",
}

@misc{Microsoft_fraudulent_cert,
  key       = "Microsoft_fraudulent_cert",
  title     = "{Microsoft Security Bulletin MS01-017}",
  author    = "Microsoft Corporation",
  month     = MARCH,
  year      = 2001,
  note      = "{\url{http://www.microsoft.com/technet/security/bulletin/MS01-017.mspx}}",
}

@misc{PGP_weak_keys,
  key       = "PGP_weak_keys",
  title     = "{CERT Advisory CA-2000-09 Flaw in PGP 5.0 Key Generation}",
  author    = "CERT/CC",
  month     = MAY,
  year      = 2000,
  note      = "{\url{http://www.cert.org/advisories/CA-2000-09.html}}",
}

@misc{Debian_weak_keys,
  key       = "Debian_weak_keys",
  title     = "{[SECURITY] [DSA 1571-1] New openssl packages fix predictable random number generator}",
  author    = "Florian Weimer",
  month     = MAY,
  year      = 2008,
  note      = "{\url{http://lists.debian.org/debian-security-announce/2008/msg00152.html}}",
}

@misc{GnuGP_weak_keys,
  key       = "GnuGP_weak_keys",
  title     = "{[Announce] GnuPG's ElGamal signing keys compromised}",
  author    = "Werner Koch",
  month     = NOVEMBER,
  year      = 2003,
  note      = "{\url{http://lists.gnupg.org/pipermail/gnupg-announce/2003q4/000160.html}}",
}

@article{COCA_distributed_CA,
  key       = "COCA_distributed_CA",
  title     = "{COCA: A secure distributed on-line certification authority}",
  author    = "Lidong Zhou and Fred B. Schneider and Robbert van Renesse",
  journal   = "ACM Transactions on Computer Systems",
  volume    = "20",
  number    = "4",
  pages     = "329--368",
  year      = 2002,
}

@misc{MIT_threshold_cryptology,
  key       = "MIT_threshold_cryptology",
  title     = "{Cryptography and Information Security Group Research Project: Threshold Cryptology}",
  note      = "{\url{http://groups.csail.mit.edu/cis/cis-threshold.html}}",
}

@article{Ferraiolo_RBAC,
  key       = "Ferraiolo_RBAC",
  title     = "{Role-Based Access Control}",
  journal   = "15th NIST-NCSC National Computer Security Conference",
  author    = "David F. Ferraiolo and D. Richard Kuhn",
  address   = "Baltimore, MaryLand",
  pages     = "554--563",
  year      = 1992,
}

@article{Knapp_cyber_warfare_trends,
  title     = "{Ten Information Warfare Trends}",
  author    = "Kenneth J. Knapp and William R. Boulton",
  journal   = "Cyber Warfare and Cyber Terrorism",
  year      = 2007,
  publisher = "Information Science Reference",
}

@misc{CNN_cyber_warfare,
  key       = "CNN_cyber_warfare",
  title     = "{Report: China trying to crack U.S. computers, buy nukes}",
  author    = "Mike Mount",
  month     = MARCH,
  year      = 2008,
  note      = "{\url{http://www.cnn.com/2008/US/03/03/pentagon.china/}}",
}

@misc{WashPost_cyber_warfare,
  key       = "WashPost_cyber_warfare",
  title     = "{Chinese Official Accuses Nations of Hacking}",
  author    = "Edward Cody",
  month     = SEPTEMBER,
  year      = 2007,
  note      = "{\url{http://www.washingtonpost.com/wp-dyn/content/article/2007/09/12/AR2007091200791.html}}",
}

@misc{TimesOnline_cyber_warfare,
  key       = "TimesOnline_cyber_warfare",
  title     = "{China accused of hacking into heart of Merkel administration}",
  author    = "Roger Boyes",
  month     = AUGUST,
  year      = 2007,
  note      = "{\url{http://www.timesonline.co.uk/tol/news/world/europe/article2332130.ece}}",
}

@misc{GoogleUpdateEngine,
  key       = "GoogleUpdateEngine",
  author    = "Greg Miller",
  month     = SEPTEMBER,
  year      = 2008,
  title     = "{Revving software with Update Engine}",
  note      = "{\url{http://googlemac.blogspot.com/2008/09/revving-software-with-update-engine.html}}",
}

@misc{GoogleUpdateEngine_security,
  key       = "GoogleUpdateEngine_security",
  title     = "{Update Engine And Security: How to use Update Engine in a secure manner}",
  note      = "{\url{http://code.google.com/p/update-engine/wiki/UpdateEngineAndSecurity}}",
}

@misc{Tor_project,
  key       = "Tor_project",
  title     = "{Tor: anonymity online}",
  note      = "{\url{http://www.torproject.org/}}",
}

@misc{Tor_Thandy,
  key       = "Tor_Thandy",
  title     = "{Thandy: Automatic updates for Tor bundles}",
  note      = "{\url{https://git.torproject.org/checkout/thandy/specs/thandy-spec.txt}}",
}

@misc{Tor_Thandy_announcement,
  key       = "Tor_Thandy_announcement",
  title     = "{Thandy: Secure Update for Tor - Google Open Source Blog}",
  note      = "{\url{http://google-opensource.blogspot.com/2009/03/thandy-secure-update-for-tor.html}}",
}

@misc{Tor_People,
  key       = "Tor_People",
  title     = "{Tor: People}",
  note      = "{\url{http://www.torproject.org/people.html.en}}",
}

@misc{ZDNET_Nasdaq_software_update,
  key       = "ZDNET_Nasdaq_software_update",
  title     = "{Poorly timed software upgrade paralyses Nasdaq}",
  author    = "Larry Barrett",
  month     = NOVEMBER,
  year      = 1999,
  note      = "{\url{http://news.zdnet.co.uk/software/0,1000000121,2075224,00.htm}}",
}

@InProceedings{Boneh_USS_2003,
  author    = "Dan Boneh and David Brumley",
  title     = "{Remote timing attacks are practical}",
  booktitle = USS_2003,
  year      = 2003,
  address   = WASHINGTON_DC,
  month     = AUGUST,
}

@misc{Apache_vulnerability,
  key       = "Apache_vulnerability",
  title     = "{Vulnerability Note VU\#944335 Apache web servers fail to handle chunks with a negative size}",
  month     = JUNE,
  year      = 2002,
  note      = "{\url{http://www.kb.cert.org/vuls/id/944335}}",
}

@misc{IIS_vulnerability,
  key       = "IIS_vulnerability",
  title     = "{Microsoft Security Bulletin MS08-006 - Important Vulnerability in Internet Information Services Could Allow Remote Code Execution (942830)}",
  month     = FEBRUARY,
  year      = 2008,
  note      = "{\url{http://www.microsoft.com/technet/security/bulletin/ms08-006.mspx}}",
}

@misc{OpenSSL_vulnerability,
  key       = "OpenSSL_buffer_overflow",
  title     = "{Vulnerability Note VU\#102795 OpenSSL servers contain a buffer overflow during the SSL2 handshake process}",
  month     = AUGUST,
  year      = 2002,
  note      = "{\url{http://www.kb.cert.org/vuls/id/102795}}",
}

@misc{Microsoft_SSL_vulnerability,
  key       = "Microsoft_SSL_vulnerability",
  title     = "{Microsoft SSL Library Remote Compromise Vulnerability (MS04-011, Exploit)}",
  month     = APRIL,
  year      = 2004,
  note      = "{\url{http://www.securiteam.com/windowsntfocus/5CP0L0KCKO.html}}",
}

@misc{MDC_Firefox_securing_updates,
  key       = "MDC_Firefox_securing_updates",
  title     = "{Extension Versioning, Update and Compatibility: Securing Updates}",
  note      = "{\url{https://developer.mozilla.org/en/Extension_Versioning%2c_Update_and_Compatibility#Securing_Updates}}",
}

@misc{Apache,
  key       = "Apache",
  title     = "{Welcome! - The Apache HTTP Server Project}",
  note      = "{\url{http://httpd.apache.org/}}",
}


@misc{SourceForge,
  key       = "SourceForge",
  title     = "{SourceForge.net: Open Source Software}",
  note      = "{\url{http://sourceforge.net/}}",
}

@inproceedings{Just_1999_NDSS,
  title     = "{Addressing the Problem of Undetected Signature Key Compromise}",
  author    = "Mike Just and Paul C. van Oorschot",
  booktitle = "Proceedings of the Network and Distributed System Security Symposium, NDSS",
  year      = 1999,
}

@INPROCEEDINGS{Rivest98canwe,
  author    = {Ronald L. Rivest},
  title     = "{Can We Eliminate Certificate Revocation Lists}",
  booktitle = {In Financial Cryptography},
  year      = {1998},
  pages     = {178--183},
  publisher = {Springer-Verlag}
}

@article{naor2000cra,
  title={"{Certificate revocation and certificate update}"},
  author={Naor, M. and Nissim, K.},
  journal={Selected Areas in Communications, IEEE Journal on},
  volume={18},
  number={4},
  pages={561--570},
  year={2000}
}

@article{BGP_prefix_hijacking,
  title={"{Beware of BGP Attacks. SIGCOMM Comput}"},
  author={Nordstrom, O. and Dovrolis, C.},
  journal={Commun. Rev},
  volume={34},
  number={2},
  pages={1--8},
  year={2004}
}

@misc{DNS_cache_poisoning,
  key       = "DNS_cache_poisoning",
  title     = "{Vulnerability Note VU\#800113 Multiple DNS implementations vulnerable to cache poisoning}",
  note      = "{\url{http://www.kb.cert.org/vuls/id/800113}}",
}

@misc{Ubuntu_PPA,
  key       = "Ubuntu_PPA",
  title     = "{Ubuntu Personal Package Archives}",
  note      = "{\url{https://launchpad.net/ubuntu/+ppas}}",
}

@article{harn1994group,
title={"{Group-oriented (t, n) threshold digital signature scheme and digital multisignature}"},
author={Harn, L.},
journal={IEE Proceedings-Computers and Digital Techniques},
volume={141},
number={5},
pages={307--313},
year={1994},
publisher={London: Institution of Electrical Engineers, 1994-2006.}
}

@article{zhang1998threshold,
title={"{Threshold proxy signature schemes}"},
author={Zhang, K.},
journal={Lecture Notes in Computer Science},
volume={1396},
pages={282--290},
year={1998},
publisher={Springer}
}

@article{mambo1996proxy,
title={"{Proxy signatures: Delegation of the power to sign messages}"},
author={Mambo, M. and Usuda, K. and Okamoto, E.},
journal={IEICE Transactions on Fundamentals of Electronics, Communications and Computer Sciences},
volume={79},
number={9},
pages={1338--1354},
year={1996}
}

@conference{libert2003efficient,
title="{Efficient revocation and threshold pairing based cryptosystems}",
author={Libert, B. and Quisquater, J.J.},
booktitle={Proceedings of the twenty-second annual symposium on Principles of distributed computing},
pages={163--171},
year={2003},
organization={ACM New York, NY, USA}
}

@inproceedings{bellare2006multi,
author = {Bellare, Mihir and Neven, Gregory},
title = "{Multi-signatures in the plain public-Key model and a general forking lemma}",
booktitle = {CCS '06: Proceedings of the 13th ACM conference on Computer and communications security},
year = {2006},
isbn = {1-59593-518-5},
pages = {390--399},
location = {Alexandria, Virginia, USA},
doi = {http://doi.acm.org/10.1145/1180405.1180453},
publisher = {ACM},
address = {New York, NY, USA},
}

@conference{varadharajan1991analysis,
title={"{An analysis of the proxy problem in distributed systems}"},
author={Varadharajan, V. and Allen, P. and Black, S.},
booktitle={1991 IEEE Computer Society Symposium on Research in Security and Privacy, 1991. Proceedings.},
pages={255--275},
year={1991}
}

@conference{neuman1993proxy,
title={"{Proxy-based authorization and accounting for distributed systems}"},
author={Neuman, B.C. and others},
booktitle={International Conference on Distributed Computing Systems},
volume={13},
pages={283--283},
year={1993},
organization={Citeseer}
}

@conference{naor1998certificate,
title={"{Certificate revocation and certificate update}"},
author={Naor, M. and Nissim, K.},
booktitle={in Proceedings of the 7th USENIX Security Symposium},
year={1998}
}

@article{myers1999rfc2560,
title={"{RFC2560: X. 509 Internet Public Key Infrastructure Online Certificate Status Protocol-OCSP}"},
author={Myers, M. and Ankney, R. and Malpani, A. and Galperin, S. and Adams, C.},
journal={Internet RFCs},
year={1999}
}

@conference{boneh2001method,
title={"{A method for fast revocation of public key certificates and security capabilities}"},
author={Boneh, D. and Ding, X. and Tsudik, G. and Wong, C.M.},
booktitle={Proceedings of the 10th conference on USENIX Security Symposium-Volume 10},
pages={22},
year={2001},
organization={USENIX Association}
}

@conference{rivest1998can,
title={"{Can we eliminate certificate revocation lists?}"},
author={Rivest, R.},
booktitle={Financial Cryptography},
pages={178--183},
year={1998},
organization={Springer}
}

@conference{just1999addressing,
title={"{Addressing the problem of undetected signature key compromise}"},
author={Just, M. and van Oorschot, P.C.},
booktitle={Proceedings of the Network and Distributed System Security Symposium, NDSS},
year={1999},
organization={Citeseer}
}

@conference{bellare99forward,
title={"{A forward-secure digital signature scheme}"},
author={Bellare, M. and Miner, S.},
booktitle={Advances in Cryptology - CRYPTO 1999},
pages={786--786},
organization={Springer}
}

@article{abdalla2000new,
title={"{A new forward-secure digital signature scheme}"},
author={Abdalla, M. and Reyzin, L.},
journal={Advances in Cryptology - ASIACRYPT 2000},
pages={116--129},
year={2000},
publisher={Springer}
}

@conference{wahbe1994efficient,
title={"{Efficient software-based fault isolation}"},
author={Wahbe, R. and Lucco, S. and Anderson, T.E. and Graham, S.L.},
booktitle="{Proceedings of the Fourteenth ACM Symposium on Operating Systems Principles}",
pages={216},
year={1994},
organization={ACM}
}

@conference{desmedt87society,
  title="{Society and group oriented cryptography: A new concept}",
  author={Desmedt, Y.},
  booktitle="{Advances in Cryptology - Crypto 1987}",
  pages={120--127},
  year={1987},
  organization={Springer}
}

@conference{shoup2000practical,
  title="{Practical threshold signatures}",
  author={Shoup, V.},
  booktitle="{Advances in Cryptology - EUROCRYPT 2000}",
  pages={207--220},
  year={2000},
  organization={Springer}
}

@conference{chaum1991group,
  title="{Group signatures}",
  author={Chaum, D. and Van Heyst, E.},
  booktitle="{Advances in Cryptology - EUROCRYPT 1991}",
  pages={257--265},
  year={1991},
  organization={Springer}
}

@conference{barth2010protecting,
  title="{Protecting Browsers from Extension Vulnerabilities}",
  author={Barth, A. and Felt, A.P. and Saxena, P. and Boodman, A.},
  booktitle="{Proc. of the 17th Network and Distributed System Security Symposium (NDSS 2010)}",
  year={2010}
}

@misc{Mozilla_Jetpacks,
  key       = "Mozilla_Jetpacks",
  title     = "{Mozilla Labs Jetpack | Exploring new ways to extend and personalize the Web}",
  note      = "{\url{https://jetpack.mozillalabs.com/}}",
}

@misc{easy_install,
  key       = "easy_install",
  title     = "{EasyInstall - The PEAK Developers' Center}",
  note      = "{\url{http://peak.telecommunity.com/DevCenter/EasyInstall}}",
}

@misc{php_pear,
  key       = "php_pear",
  title     = "{PEAR - PHP Extension and Application Repository}",
  note      = "{\url{http://pear.php.net/}}",
}

@misc{ruby_gems,
  key       = "ruby_gems",
  title     = "{RubyGems Manuals}",
  note      = "{\url{http://docs.rubygems.org/}}",
}

@misc{CPAN,
  key       = "CPAN",
  title     = "{CPAN}",
  note      = "{\url{http://www.cpan.org/}}",
}

@misc{ruby_gems_signatures,
  key       = "ruby_gems",
  title     = "{Signing Your Gems - RubyGems User Guide | RubyGems Manuals}",
  note      = "{\url{http://docs.rubygems.org/read/chapter/21}}",
}

@misc{ClientUpdateProtocol,
  key       = "ClientUpdateProtocol",
  title     = "{Open Client Update Protocol}",
  note      = "{\url{http://omaha.googlecode.com/svn/wiki/cup.html}}",
}

@misc{marlinspike_OCSP,
  key       = "marlinspike_OCSP",
  title     = "{Defeating OCSP With The Number 3}",
  note      = "{\url{http://www.thoughtcrime.org/papers/ocsp-attack.pdf}}",
  author    = "Moxie Marlinspike",
  year      = 2009,
}

@misc{soghoian2010certified,
  key       = "certified_lies",
  title     = "{Certified Lies: Detecting and Defeating Government Interception Attacks Against SSL}",
  note      = "{\url{files.cloudprivacy.net/ssl-mitm.pdf}}",
  author    = "Christopher Soghoian and Sid Stamm",
  year      = 2010,
}

@misc{MirrorManager_risks,
  key       = "MirrorManager_risks",
  title     = "{Mirror manager security risks}",
  note      = "{\url{http://fedoraproject.org/wiki/Mirror_manager_security_risks}}",
}

@misc{TUF_spec,
  key       = "TUF_spec",
  title     = "{/specs/tuf-spec.txt - TUF: The Update Framework}",
  note      = "{\url{https://www.updateframework.com/browser/specs/tuf-spec.txt}}",
}

@misc{Canonical_JSON,
  key       = "Canonical_JSON",
  title     = "{Canonical JSON - OLPC}",
  note      = "{\url{http://wiki.laptop.org/go/Canonical_JSON}}",
}

@misc{CRTs_RFC,
  key       = "CRTs_RFC",
  title     = "{Internet X.509 Public Key Infrastructure Certificate and Certificate Revocation List (CRL) Profile}",
  note      = "{\url{http://tools.ietf.org/html/rfc5280}}",
}

@Article{ChorEtAlPIR,
	title = "{Private Information Retrieval}",
	author = "{Benny Chor and Oded Goldreich and Eyal Kushilevitz and Madhu Sudan}",
	journal = "{Journal of the ACM}",
	volume = "{45}",
	pages = "{965-982}",
	year = {1998}
}

@INPROCEEDINGS{4531150,
author={Brumley, D. and Poosankam, P. and Song, D. and Jiang Zheng},
booktitle="{Security and Privacy, 2008. SP 2008. IEEE Symposium on}",
title="{Automatic Patch-Based Exploit Generation is Possible: Techniques and Implications}",
year={2008},
month=may,
volume={},
number={},
pages={143 -157},
keywords={Microsoft program;Windows Update;automatic patch-based exploit generation;patch distribution scheme;security implication;automatic programming;security of data;software maintenance;},
doi={10.1109/SP.2008.17},
ISSN={1081-6011},}

@INPROCEEDINGS{SionImpractical,
    author = {Radu Sion},
    title = "{On the Computational Practicality of Private Information Retrieval}",
    booktitle = "{In Proceedings of the Network and Distributed Systems Security Symposium (NDSS).}",
    year = {2007}
}

@inproceedings{CastlesAndMud,
 author = {Williams, Peter and Sion, Radu and Carbunar, Bogdan},
 title = "{Building castles out of mud: practical access pattern privacy and correctness on untrusted storage}",
 booktitle = "{Proceedings of the 15th ACM conference on Computer and Communications Security}",
 series = {CCS '08},
 year = {2008},
 isbn = {978-1-59593-810-7},
 location = {Alexandria, Virginia, USA},
 pages = {139--148},
 numpages = {10},
 url = {http://doi.acm.org/10.1145/1455770.1455790},
 doi = {http://doi.acm.org/10.1145/1455770.1455790},
 acmid = {1455790},
 publisher = {ACM},
 address = {New York, NY, USA},
 keywords = {data outsourcing, private information retrieval},
}

@INPROCEEDINGS{CPIR,
author={Kushilevitz, E. and Ostrovsky, R.},
booktitle="{Foundations of Computer Science, 1997. Proceedings., 38th Annual Symposium on}",
title="{Replication is not needed: single database, computationally-private information retrieval}",
year={1997},
month={oct},
volume={},
number={},
pages={364 -373},
keywords={communication complexity;computational private information retrieval problem;computationally private information retrieval;data replication;quadratic residuosity assumption;communication complexity;database management systems;information retrieval;},
doi={10.1109/SFCS.1997.646125},
ISSN={0272-5428},}

@inproceedings{PrivateInformationStorage,
  author    = {Rafail Ostrovsky and
               Victor Shoup},
  title     = {Private Information Storage (Extended Abstract)},
  booktitle = {STOC},
  year      = {1997},
  pages     = {294-303},
  ee        = {http://doi.acm.org/10.1145/258533.258606},
  bibsource = {DBLP, http://dblp.uni-trier.de}
}

@INPROCEEDINGS{PynchonGate,
    author = {Len Sassaman and Bram Cohen},
    title = "{The Pynchon Gate: A Secure Method of Pseudonymous Mail Retrieval}",
    booktitle = "{In Proceedings of the Workshop on Privacy in the Electronic Society (WPES 2005)}",
    year = {2005},
    pages = {1--9}
}


@INPROCEEDINGS{YoshidaImpractical,
author={Yoshida, R. and Yang Cui and Shigetomi, R. and Imai, H.},
booktitle="{Information Theory and Its Applications, 2008. ISITA 2008. International Symposium on}",
title="{The practicality of the keyword search using PIR}",
year={2008},
month={dec.},
volume={},
number={},
pages={1 -6},
keywords={Google;Hotmail email accounts;Internet;PIR;access pattern;electronic files;keyword search protocol;open problem;privacy-preserving solution;private information retrieval;public key encryption;public key infrastructure;searching criterion;storage-provider;Internet;information retrieval;public key cryptography;},
doi={10.1109/ISITA.2008.4895559},
ISSN={},}

@TECHREPORT{Sassaman,
    author = {Len Sassaman and Bart Preneel and K. U. Leuven Esat-cosic},
    title = "{The Byzantine Postman Problem: A Trivial Attack Against PIR-based Nym Servers}",
    institution = {ESAT-COSIC 2007-001},
    year = {2007}
}

@inproceedings{Olumofin_FC_11,
  author    = {Femi G. Olumofin and
               Ian Goldberg},
  title     = {Revisiting the Computational Practicality of Private Information
               Retrieval},
  booktitle = {Financial Cryptography},
  year      = {2011},
  pages     = {158-172},
  ee        = {http://dx.doi.org/10.1007/978-3-642-27576-0_13},
  bibsource = {DBLP, http://dblp.uni-trier.de}
}


@inproceedings{NewSymPIR,
    author = {Krishna Suri Narayanam},
    title = "{A Novel Scheme for Single Database Symmetric Private Information Retrieval}",
    booktitle = {Financial Cryptography},
    year = {2006}
}


@INPROCEEDINGS{GPUPIR,
author={Melchor, C.A. and Crespin, B. and Gaborit, P. and Jolivet, V. and Rousseau, P.},
booktitle="{Emerging Security Information, Systems and Technologies, 2008. SECURWARE '08. Second International Conference on}",
title="{High-Speed Private Information Retrieval Computation on GPU}",
year={2008},
month={aug.},
volume={},
number={},
pages={263 -272},
keywords={CUDA;GPU;general purpose computing;graphics processing units;high-speed private information retrieval computation;nVidia library;single-database PIR scheme;user privacy;computer graphics;coprocessors;data privacy;information retrieval;},
doi={10.1109/SECURWARE.2008.55},
ISSN={},}

@article{SPIRAL,
author = {Ali Khoshgozaran and Houtan Shirani-Mehr and Cyrus Shahabi},
title = "{SPIRAL: A Scalable Private Information Retrieval Approach to Location Privacy}",
journal ={Mobile Data Management Workshops, 2008 Ninth International Conference on},
volume = {0},
isbn = {978-0-7695-3721-4},
year = {2008},
pages = {55-62},
doi = {http://doi.ieeecomputersociety.org/10.1109/MDMW.2008.23},
publisher = {IEEE Computer Society},
address = {Los Alamitos, CA, USA},
}

﻿@article {HardwareAssistedPIR,
   author = {Ding, Xuhua and Yang, Yanjiang and Deng, Robert and Wang, Shuhong},
   affiliation = {Singapore Management University School of Information Systems Singapore Singapore},
   title = "{A new hardware-assisted PIR with O(n) shuffle cost}",
   journal = "{International Journal of Information Security}",
   publisher = {Springer Berlin / Heidelberg},
   issn = {1615-5262},
   keyword = {Computer Science},
   pages = {237-252},
   volume = {9},
   issue = {4},
   url = {http://dx.doi.org/10.1007/s10207-010-0105-2},
   note = {10.1007/s10207-010-0105-2},
   year = {2010}
}

@INPROCEEDINGS{UsablePIR,
AUTHOR = "Peter Williams and Radu Sion",
TITLE = "{Usable PIR.}",
booktitle = "NDSS'08",
PAGES = {-1--1},
YEAR = {2008}  }

@INPROCEEDINGS{Yang2002,
author={Yang, E.Y. and Jie Xu and Bennett, K.H.},
booktitle="{Reliable Distributed Systems, 2002. Proceedings. 21st IEEE Symposium on}",
title="{A fault-tolerant approach to secure information retrieval}",
year={2002},
month={},
volume={},
number={},
pages={ 12 - 21},
keywords={ corrupted results detection; database servers; distributed database environment; fail-stop fault scenarios; fault-tolerant private information retrieval scheme; malicious server faults; performance overhead; probabilistic verification function; processing time; secure information retrieval; sensitive information; service availability; user privacy protection; client-server systems; data privacy; distributed databases; file servers; query processing; security of data; software fault tolerance;},
doi={10.1109/RELDIS.2002.1180169},
ISSN={1060-9857 },}

@inproceedings{Asonov2001,
  author    = {Dmitri Asonov},
  title     = "{Private Information Retrieval - An Overview And Current Trends}",
  booktitle = {GI Jahrestagung (2)},
  year      = {2001},
  pages     = {889-894},
  bibsource = {DBLP, http://dblp.uni-trier.de}
}


@inproceedings{WangBBPIR,
 author = {Wang, Shiyuan and Agrawal, Divyakant and El Abbadi, Amr},
 title = "{Generalizing PIR for Practical Private Retrieval of Public Data}",
 booktitle = {Proceedings of the 24th annual IFIP WG 11.3 working conference on Data and applications security and privacy},
 series = {DBSec'10},
 year = {2010},
 isbn = {3-642-13738-5, 978-3-642-13738-9},
 location = {Rome, Italy},
 pages = {1--16},
 numpages = {16},
 url = {http://dl.acm.org/citation.cfm?id=1875947.1875949},
 acmid = {1875949},
 publisher = {Springer-Verlag},
 address = {Berlin, Heidelberg},
}

@MISC{PynchonSite,
    author = {Len Sassaman and Bram Cohen and Nick Mathewson},
    title = "{The Pynchon Gate: A Private Information Retrieval-based Pseudonym Service}",
    year = {2011}
}

@inproceedings{Ghinita2008,
 author = {Ghinita, Gabriel and Kalnis, Panos and Khoshgozaran, Ali and Shahabi, Cyrus and Tan, Kian-Lee},
 title = "{Private queries in location based services: anonymizers are not necessary}",
 booktitle = "{Proceedings of the 2008 ACM SIGMOD international conference on Management of data}",
 series = {SIGMOD '08},
 year = {2008},
 isbn = {978-1-60558-102-6},
 location = {Vancouver, Canada},
 pages = {121--132},
 numpages = {12},
 url = {http://doi.acm.org/10.1145/1376616.1376631},
 doi = {http://doi.acm.org/10.1145/1376616.1376631},
 acmid = {1376631},
 publisher = {ACM},
 address = {New York, NY, USA},
 keywords = {location anonymity, private information retrieval, query privacy},
}

@INPROCEEDINGS{BestKnown,
    author = {Amos Beimel and Yuval Ishai and Eyal Kushilevitz and Jean-françois Raymond},
    title = "{Breaking the O(n 1/(2k−1) ) Barrier for Information-Theoretic Private Information Retrieval}",
    booktitle = "{In Proc. of the 43rd IEEE Symposium on Foundations of Computer Science (FOCS)}",
    year = {2002},
    pages = {261--270}
}

@inproceedings{PolyLog,
 author = {Cachin, Christian and Micali, Silvio and Stadler, Markus},
 title = {Computationally private information retrieval with polylogarithmic communication},
 booktitle = {Proceedings of the 17th international conference on Theory and application of cryptographic techniques},
 series = {EUROCRYPT'99},
 year = {1999},
 isbn = {3-540-65889-0},
 location = {Prague, Czech Republic},
 pages = {402--414},
 numpages = {13},
 url = {http://dl.acm.org/citation.cfm?id=1756123.1756163},
 acmid = {1756163},
 publisher = {Springer-Verlag},
 address = {Berlin, Heidelberg},
 keywords = {{\$\phi\$}-hiding assumption, Euler's function, integer factorization, private information retrieval},
}

@INPROCEEDINGS{AlmostOptimal,
    author = {Dmitri Asonov and "Johann-Christoph" Freytag},
    title = "{Almost Optimal Private Information Retrieval}",
    booktitle = "{In 2nd Workshop on Privacy Enhancing Technologies (PET2002)}",
    year = {2002},
    pages = {209--223},
    publisher = {Springer}
}

@INPROCEEDINGS{StreamingAccredited,
    author = {Mohamed Layouni},
    title = "{Accredited symmetrically private information retrieval}",
    booktitle = "{IWSEC 2007. LNCS}",
    year = {2007},
    pages = {262--277},
    publisher = {Springer}
}


@inproceedings{UpperBoundPIR,
 author = {Ambainis, Andris},
 title = {Upper Bound on Communication Complexity of Private Information Retrieval},
 booktitle = {Proceedings of the 24th International Colloquium on Automata, Languages and Programming},
 series = {ICALP '97},
 year = {1997},
 isbn = {3-540-63165-8},
 pages = {401--407},
 numpages = {7},
 url = {http://dl.acm.org/citation.cfm?id=646251.685989},
 acmid = {685989},
 publisher = {Springer-Verlag},
 address = {London, UK},
}

@misc{MirrorManager,
  key       = "MirrorManager",
  title     = "{Mirrormanager - Trac}",
  note      = "{\url{https://fedorahosted.org/mirrormanager/}}",
}

@misc{SecurecommPanel,
  key       = "SecurecommPanel",
  title     = "{Achieving Practical Private Information Retrieval (Panel @ Securecomm 2006)}",
  note      = "{\url{http://www.cs.sunysb.edu/~sion/research/PIR.Panel.Securecomm.2006/}}",
}



@misc{LinuxWebserverPopularity,
  key       = "LinuxWebserverPopularity",
  title     = "{Usage Statistics and Market Share of Operating Systems for Websites, February 2012}",
  note      = "{\url{http://w3techs.com/technologies/details/os-unix/all/all}}",
}



@TechReport{Cappos_TR_08,
   Author       = "{Justin Cappos and Justin Samuel and Scott Baker and John H. Hartman}",
   Title        = "{Package Management Security}",
   Institution  = "Department of Computer Science, University of Arizona",
   Number       = "TR--08--02",
   Year         = 2008
}


@inproceedings{Goldberg_oakland_2007,
 author = {Goldberg, Ian},
 title = {Improving the Robustness of Private Information Retrieval},
 booktitle = {Proceedings of the 2007 IEEE Symposium on Security and Privacy},
 series = {SP '07},
 year = {2007},
 isbn = {0-7695-2848-1},
 pages = {131--148},
 numpages = {18},
 url = {http://dx.doi.org/10.1109/SP.2007.23},
 doi = {10.1109/SP.2007.23},
 acmid = {1264203},
 publisher = {IEEE Computer Society},
 address = {Washington, DC, USA},
}


@article{zonenberg2009distributed,
  title={Distributed hash cracker: A cross-platform gpu-accelerated password recovery system},
  author={Zonenberg, Andrew},
  journal={Rensselaer Polytechnic Institute},
  pages={27},
  year={2009}
}


@misc{ElcomSoftGPUCracking,
  key       = "ElcomSoft GPU Cracking",
  title     = "{A Complete Suite of ElcomSoft Password Recovery Tools}",
  note      = "{\url{http://www.elcomsoft.com/eprb.html#gpu}}",
}



@article{shamir1979share,
  title={How to share a secret},
  author={Shamir, Adi},
  journal={Communications of the ACM},
  volume={22},
  number={11},
  pages={612--613},
  year={1979},
  publisher={ACM}
}


@article{wheeler-sloccount,
  title={{SLOCCount}},
  author={Wheeler, D.A.},
  journal="{Available from \url{http://www.dwheeler.com/sloccount}}"
}


@article{Chai20071046,
title = "Threshold password authentication against guessing attacks in Ad hoc networks",
journal = "Ad Hoc Networks",
volume = "5",
number = "7",
pages = "1046 - 1054",
year = "2007",
note = "",
issn = "1570-8705",
doi = "10.1016/j.adhoc.2006.05.003",
url = "http://www.sciencedirect.com/science/article/pii/S1570870506000308",
author = "Zhenchuan Chai and Zhenfu Cao and Rongxing Lu",
keywords = "Password authentication",
keywords = "Threshold authentication",
keywords = "Remote login",
keywords = "Guessing attack",
keywords = "MANET"
}



@article{gwoboa1995password,
  title={Password authentication without using a password table},
  author={Gwoboa, Horng},
  journal={Information Processing Letters},
  volume={55},
  number={5},
  pages={247--250},
  year={1995},
  publisher={Elsevier}
}


@inproceedings{bagherzandi2011password,
  title={Password-protected secret sharing},
  author={Bagherzandi, Ali and Jarecki, Stanislaw and Saxena, Nitesh and Lu, Yanbin},
  booktitle={Proceedings of the 18th ACM conference on Computer and communications security},
  pages={433--444},
  year={2011},
  organization={ACM}
}

@inproceedings{boyko2000provably,
  title={Provably secure password-authenticated key exchange using Diffie-Hellman},
  author={Boyko, Victor and MacKenzie, Philip and Patel, Sarvar},
  booktitle={Advances in Cryptology-Eurocrypt 2000},
  pages={156--171},
  year={2000},
  organization={Springer}
}


@inproceedings{Lomas_SOSP_89,
 author = {Lomas, T. and Gong, L. and Saltzer, J. and Needhamn, R.},
 title = {Reducing risks from poorly chosen keys},
 booktitle = {Proceedings of the twelfth ACM symposium on Operating systems principles},
 series = {SOSP '89},
 year = {1989},
 isbn = {0-89791-338-8},
 pages = {14--18},
 numpages = {5},
 url = {http://doi.acm.org/10.1145/74850.74853},
 doi = {10.1145/74850.74853},
 acmid = {74853},
 publisher = {ACM},
 address = {New York, NY, USA},
}


@article{juels2006fuzzy,
  title={A fuzzy vault scheme},
  author={Juels, Ari and Sudan, Madhu},
  journal={Designs, Codes and Cryptography},
  volume={38},
  number={2},
  pages={237--257},
  year={2006},
  publisher={Springer}
}



@article{di2006perfectly,
  title={Perfectly secure password protocols in the bounded retrieval model},
  author={Di Crescenzo, Giovanni and Lipton, Richard and Walfish, Shabsi},
  journal={Theory of Cryptography},
  pages={225--244},
  year={2006},
  publisher={Springer}
}


@inproceedings{wu1998secure,
  title={The secure remote password protocol},
  author={Wu, Thomas and others},
  booktitle={Internet Society Symposium on Network and Distributed System Security},
  year={1998}
}

@article{chien2001modified,
  title={A modified remote login authentication scheme based on geometric approach},
  author={Chien, Hung-Yu and Jan, Jinn-Ke and Tseng, Yuh-Min},
  journal={Journal of Systems and Software},
  volume={55},
  number={3},
  pages={287--290},
  year={2001},
  publisher={Elsevier}
}

@article{jan1998paramita,
  title={“Paramita wisdom” password authentication scheme without verification tables},
  author={Jan, Jinn-Ke and Chen, Yu-Yii},
  journal={Journal of Systems and Software},
  volume={42},
  number={1},
  pages={45--57},
  year={1998},
  publisher={Elsevier}
}

@inproceedings{shen2010towards,
  title={Towards Secure and Reliable Data Storage with Multi-coefficient Secret Sharing},
  author={Shen, Feng and Mei, Chonglei and Jiang, Hai and Xu, Zhiqian},
  booktitle={Computer and Information Technology (CIT), 2010 IEEE 10th International Conference on},
  pages={797--802},
  year={2010},
  organization={IEEE}
}

@inproceedings{sathik2010secret,
  title={Secret sharing scheme for data encryption based on polynomial coefficient},
  author={Sathik, M Mohamed and Selvi, A Kalai},
  booktitle={Computing Communication and Networking Technologies (ICCCNT), 2010 International Conference on},
  pages={1--5},
  year={2010},
  organization={IEEE}
}

@article{steiner1995refinement,
  title={Refinement and extension of encrypted key exchange},
  author={Steiner, Michael and Tsudik, Gene and Waidner, Michael},
  journal={ACM SIGOPS Operating Systems Review},
  volume={29},
  number={3},
  pages={22--30},
  year={1995},
  publisher={ACM}
}

@inproceedings{lucks1998open,
  title={Open key exchange: How to defeat dictionary attacks without encrypting public keys},
  author={Lucks, Stefan},
  booktitle={Security Protocols},
  pages={79--90},
  year={1998},
  organization={Springer}
}

@article{jablon1996strong,
  title={Strong password-only authenticated key exchange},
  author={Jablon, David P},
  journal={ACM SIGCOMM Computer Communication Review},
  volume={26},
  number={5},
  pages={5--26},
  year={1996},
  publisher={ACM}
}

@inproceedings{gong1995optimal,
  title={Optimal authentication protocols resistant to password guessing attacks},
  author={Gong, Li},
  booktitle={Computer Security Foundations Workshop, 1995. Proceedings., Eighth IEEE},
  pages={24--29},
  year={1995},
  organization={IEEE}
}


@article{gong1993protecting,
  title={Protecting poorly chosen secrets from guessing attacks},
  author={Gong, Lomas and Lomas, Mark A and Needham, Roger M. and Saltzer, Jerome H.},
  journal={Selected Areas in Communications, IEEE Journal on},
  volume={11},
  number={5},
  pages={648--656},
  year={1993},
  publisher={IEEE}
}

@inproceedings{jablon1997extended,
  title={Extended password key exchange protocols immune to dictionary attack},
  author={Jablon, David P},
  booktitle={Enabling Technologies: Infrastructure for Collaborative Enterprises, 1997., Proceedings Sixth IEEE workshops on},
  pages={248--255},
  year={1997},
  organization={IEEE}
}

@book{shoup1999formal,
  title={On formal models for secure key exchange},
  author={Shoup, Victor},
  year={1999},
  publisher={Citeseer}
}

@article{tsai2006password,
  title={Password authentication schemes: current status and key issues},
  author={Tsai, Chwei-Shyong and Lee, Cheng-Chi and Hwang, Min-Shiang},
  journal={International Journal of Network Security},
  volume={3},
  number={2},
  pages={101--115},
  year={2006}
}




@misc{10Kpassword,
  key       = "10Kpassword",
  title     = "{10,000 Top Passwords | Xato - Passwords \& Security}",
  note      = "{\url{http://xato.net/passwords/more-top-worst-passwords/}}",
}


@incollection{kelsey1998secure,
  title={Secure applications of low-entropy keys},
  author={Kelsey, John and Schneier, Bruce and Hall, Chris and Wagner, David},
  booktitle={Information Security},
  pages={121--134},
  year={1998},
  publisher={Springer}
}


@misc{Linkedinpassword,
  key       = "Linkedinpassword",
  title     = "{Hackers crack more than 60\% of breached LinkedIn passwords}",
  note      = "{\url{http://www.computerworld.com/s/article/9227869/Hackers_crack_more_than_60_of_breached_LinkedIn_passwords}}",
}



@inproceedings{devet2012optimally,
  title={Optimally robust private information retrieval},
  author={Devet, Casey and Goldberg, Ian and Heninger, Nadia},
  booktitle={21st USENIX Security Symposium},
  year={2012}
}

@article{monrose2000keystroke,
  title={Keystroke dynamics as a biometric for authentication},
  author={Monrose, Fabian and Rubin, Aviel D},
  journal={Future Generation Computer Systems},
  volume={16},
  number={4},
  pages={351--359},
  year={2000},
  publisher={Elsevier}
}


@inproceedings{klein1990foiling,
  title={Foiling the cracker: A survey of, and improvements to, password security},
  author={Klein, Daniel V},
  booktitle={Proceedings of the 2nd USENIX Security Workshop},
  pages={5--14},
  year={1990}
}

@article{morris1979password,
  title={Password security: A case history},
  author={Morris, Robert and Thompson, Ken},
  journal={Communications of the ACM},
  volume={22},
  number={11},
  pages={594--597},
  year={1979},
  publisher={ACM}
}

@incollection{katz2001efficient,
  title={Efficient password-authenticated key exchange using human-memorable passwords},
  author={Katz, Jonathan and Ostrovsky, Rafail and Yung, Moti},
  booktitle={Advances in Cryptology—EUROCRYPT 2001},
  pages={475--494},
  year={2001},
  publisher={Springer}
}

@inproceedings{katz2005two,
  title={Two-server password-only authenticated key exchange},
  author={Katz, Jonathan and MacKenzie, Philip and Taban, Gelareh and Gligor, Virgil},
  booktitle={Applied Cryptography and Network Security},
  pages={1--16},
  year={2005},
  organization={Springer}
}



@incollection{katz2003forward,
  title={Forward secrecy in password-only key exchange protocols},
  author={Katz, Jonathan and Ostrovsky, Rafail and Yung, Moti},
  booktitle={Security in Communication Networks},
  pages={29--44},
  year={2003},
  publisher={Springer}
}

@inproceedings{ahn2002towards,
  title={Towards scalable authentication in health services},
  author={Ahn, Gail-Joon and Shin, Dongwan},
  booktitle={Enabling Technologies: Infrastructure for Collaborative Enterprises, 2002. WET ICE 2002. Proceedings. Eleventh IEEE International Workshops on},
  pages={83--88},
  year={2002},
  organization={IEEE}
}


@article{chien2002efficient,
  title={An efficient and practical solution to remote authentication: smart card},
  author={Chien, Hung-Yu and Jan, Jinn-Ke and Tseng, Yuh-Min},
  journal={Computers \& Security},
  volume={21},
  number={4},
  pages={372--375},
  year={2002},
  publisher={Elsevier}
}

@misc{deo1998authentication,
  title={Authentication system and method for smart card transactions},
  author={Deo, Vinay and Seidensticker, Robert B and Simon, Daniel R},
  year={1998},
  month=feb # "~24",
  publisher={Google Patents},
  note={US Patent 5,721,781}
}

@incollection{atallah2005secure,
  title={Secure biometric authentication for weak computational devices},
  author={Atallah, Mikhail J and Frikken, Keith B and Goodrich, Michael T and Tamassia, Roberto},
  booktitle={Financial Cryptography and Data Security},
  pages={357--371},
  year={2005},
  publisher={Springer}
}

@article{snelick2005large,
  title={Large-scale evaluation of multimodal biometric authentication using state-of-the-art systems},
  author={Snelick, Robert and Uludag, Umut and Mink, Alan and Indovina, Michael and Jain, Anil},
  journal={Pattern Analysis and Machine Intelligence, IEEE Transactions on},
  volume={27},
  number={3},
  pages={450--455},
  year={2005},
  publisher={IEEE}
}

@incollection{tuyls2004capacity,
  title={Capacity and examples of template-protecting biometric authentication systems},
  author={Tuyls, Pim and Goseling, Jasper},
  booktitle={Biometric Authentication},
  pages={158--170},
  year={2004},
  publisher={Springer}
}

@inproceedings{topkara2007passwords,
  title={Passwords decay, words endure: Secure and re-usable multiple password mnemonics},
  author={Topkara, Umut and Atallah, Mikhail J and Topkara, Mercan},
  booktitle={Proceedings of the 2007 ACM symposium on Applied computing},
  pages={292--299},
  year={2007},
  organization={ACM}
}

@misc{xkcdpassword,
  key       = "xkcdpassword",
  title     = "{xkcd: Password Strength}",
  note      = "{\url{http://xkcd.com/936/}}",
}




@inproceedings{shay2010encountering,
  title={Encountering stronger password requirements: user attitudes and behaviors},
  author={Shay, Richard and Komanduri, Saranga and Kelley, Patrick Gage and Leon, Pedro Giovanni and Mazurek, Michelle L and Bauer, Lujo and Christin, Nicolas and Cranor, Lorrie Faith},
  booktitle={Proceedings of the Sixth Symposium on Usable Privacy and Security},
  pages={2},
  year={2010},
  organization={ACM}
}


@inproceedings{komanduri2011passwords,
  title={Of passwords and people: measuring the effect of password-composition policies},
  author={Komanduri, Saranga and Shay, Richard and Kelley, Patrick Gage and Mazurek, Michelle L and Bauer, Lujo and Christin, Nicolas and Cranor, Lorrie Faith and Egelman, Serge},
  booktitle={Proceedings of the 2011 annual conference on Human factors in computing systems},
  pages={2595--2604},
  year={2011},
  organization={ACM}
}

@INPROCEEDINGS{kelley2012guessingpasswords,
    author={Kelley, P.G. and Komanduri, S. and Mazurek, M.L. and Shay, R. and Vidas, T. and Bauer, L. and Christin, N. and Cranor, L.F. and Lopez, J.},
    booktitle={Security and Privacy (SP), 2012 IEEE Symposium on},
    title={Guess Again (and Again and Again): Measuring Password Strength by Simulating Password-Cracking Algorithms},
    year={2012},
    month={May},
    pages={523-537},
    keywords={authorisation;authentication method;entropy estimates;heuristic password-guessing algorithms;password composition policies;password cracking;password security;password strength measurement;password-cracking algorithms;text-based passwords;training sets;Atmospheric measurements;Calculators;Dictionaries;Electronic mail;Entropy;Resistance;Training;authentication;passwords;user study},
    doi={10.1109/SP.2012.38},
ISSN={1081-6011},}

@inproceedings{zhangEDcrack,
 author = {Zhang, Yinqian and Monrose, Fabian and Reiter, Michael K.},
 title = {The Security of Modern Password Expiration: An Algorithmic Framework and Empirical Analysis},
 booktitle = {Proceedings of the 17th ACM Conference on Computer and Communications Security},
 series = {CCS '10},
 year = {2010},
 isbn = {978-1-4503-0245-6},
 location = {Chicago, Illinois, USA},
 pages = {176--186},
 numpages = {11},
 url = {http://doi.acm.org/10.1145/1866307.1866328},
 doi = {10.1145/1866307.1866328},
 acmid = {1866328},
 publisher = {ACM},
 address = {New York, NY, USA},
 keywords = {password expiration, passwords, user authentication},
}

@inproceedings{sun2010billion,
  title={A billion keys, but few locks: the crisis of web single sign-on},
  author={Sun, San-Tsai and Boshmaf, Yazan and Hawkey, Kirstie and Beznosov, Konstantin},
  booktitle={Proceedings of the 2010 workshop on New security paradigms},
  pages={61--72},
  year={2010},
  organization={ACM}
}




@misc{openidsecurity,
  key       = "openidsecurity",
  title     = "{Security Issues -- OpenID Review}",
  note      = "{\url{https://sites.google.com/site/openidreview/issues}}",
}


@misc{oauthsecurity,
  key       = "oauthsecurity",
  title     = "{Security Advisories -- OAuth}",
  note      = "{\url{http://oauth.net/advisories/}}",
}

@article{bishop1995improving,
  title={Improving system security via proactive password checking},
  author={Bishop, Matt and V Klein, Daniel},
  journal={Computers \& Security},
  volume={14},
  number={3},
  pages={233--249},
  year={1995},
  publisher={Elsevier}
}

@incollection{camenisch2010credential,
  title={Credential authenticated identification and key exchange},
  author={Camenisch, Jan and Casati, Nathalie and Gross, Thomas and Shoup, Victor},
  booktitle={Advances in Cryptology--CRYPTO 2010},
  pages={255--276},
  year={2010},
  publisher={Springer}
}

@inproceedings{di2005two,
  title={A two-factor mobile authentication scheme for secure financial transactions},
  author={Di Pietro, Roberto and Me, Gianluigi and Strangio, Maurizio A},
  booktitle={Mobile Business, 2005. ICMB 2005. International Conference on},
  pages={28--34},
  year={2005},
  organization={IEEE}
}

@article{halderman2009lest,
  title={Lest we remember: cold-boot attacks on encryption keys},
  author={Halderman, J Alex and Schoen, Seth D and Heninger, Nadia and Clarkson, William and Paul, William and Calandrino, Joseph A and Feldman, Ariel J and Appelbaum, Jacob and Felten, Edward W},
  journal={Communications of the ACM},
  volume={52},
  number={5},
  pages={91--98},
  year={2009},
  publisher={ACM}
}

@inproceedings{ross2005stronger,
  title={Stronger password authentication using browser extensions},
  author={Ross, Blake and Jackson, Collin and Miyake, Nick and Boneh, Dan and Mitchell, John C},
  booktitle={Proceedings of the 14th Usenix Security Symposium},
  volume={1998},
  year={2005}
}

@inproceedings{florencio2007large,
  title={A large-scale study of web password habits},
  author={Florencio, Dinei and Herley, Cormac},
  booktitle={Proceedings of the 16th international conference on World Wide Web},
  pages={657--666},
  year={2007},
  organization={ACM}
}

@article{florencio2007strong,
  title={Do strong web passwords accomplish anything},
  author={Flor{\^e}ncio, Dinei and Herley, Cormac and Coskun, Baris},
  journal={Proc. Usenix Hot Topics in Security},
  year={2007}
}

@inproceedings{schechter2010popularity,
  title={Popularity is everything: a new approach to protecting passwords from statistical-guessing attacks},
  author={Schechter, Stuart and Herley, Cormac and Mitzenmacher, Michael},
  booktitle={Proceedings of the 5th USENIX conference on Hot topics in security},
  pages={1--8},
  year={2010},
  organization={USENIX Association}
}

@incollection{hopper2001secure,
  title={Secure human identification protocols},
  author={Hopper, Nicholas J and Blum, Manuel},
  booktitle={Advances in cryptology—ASIACRYPT 2001},
  pages={52--66},
  year={2001},
  publisher={Springer}
}

@inproceedings{brainard2003nightingale,
  title={Nightingale: A new two-server approach for authentication with short secrets},
  author={Brainard, John and Juels, Ari and Kaliski, Burt and Szydlo, Michael},
  booktitle={12th USENIX Security Symp},
  year={2003},
  organization={Citeseer}
}

@incollection{boyen2005secure,
  title={Secure remote authentication using biometric data},
  author={Boyen, Xavier and Dodis, Yevgeniy and Katz, Jonathan and Ostrovsky, Rafail and Smith, Adam},
  booktitle={Advances in Cryptology--EUROCRYPT 2005},
  pages={147--163},
  year={2005},
  publisher={Springer}
}

@inproceedings{erkin2009privacy,
  title={Privacy-preserving face recognition},
  author={Erkin, Zekeriya and Franz, Martin and Guajardo, Jorge and Katzenbeisser, Stefan and Lagendijk, Inald and Toft, Tomas},
  booktitle={Privacy Enhancing Technologies},
  pages={235--253},
  year={2009},
  organization={Springer}
}

@incollection{kerschbaum2004private,
  title={Private fingerprint verification without local storage},
  author={Kerschbaum, Florian and Atallah, Mikhail J and M’Ra{\"\i}hi, David and Rice, John R},
  booktitle={Biometric Authentication},
  pages={387--394},
  year={2004},
  publisher={Springer}
}

@inproceedings{wang2005strengthening,
  title={Strengthening password-based authentication protocols against online dictionary attacks},
  author={Wang, Peng and Kim, Yongdae and Kher, Vishal and Kwon, Taekyoung},
  booktitle={Applied Cryptography and Network Security},
  pages={17--32},
  year={2005},
  organization={Springer}
}

@article{yeh2010two,
  title={Two robust remote user authentication protocols using smart cards},
  author={Yeh, Kuo-Hui and Su, Chunhua and Lo, Nai-Wei and Li, Yingjiu and Hung, Yi-Xiang},
  journal={Journal of Systems and Software},
  volume={83},
  number={12},
  pages={2556--2565},
  year={2010},
  publisher={Elsevier}
}

@inproceedings{dhamija2000deja,
  title={Deja vu: A user study using images for authentication},
  author={Dhamija, Rachna and Perrig, Adrian},
  booktitle={Proceedings of the 9th USENIX Security Symposium},
  pages={45--58},
  year={2000},
  organization={Usenix Denver, CO}
}

@inproceedings{davis2004user,
  title={On user choice in graphical password schemes},
  author={Davis, Darren and Monrose, Fabian and Reiter, Michael K},
  booktitle={13th USENIX Security Symposium},
  volume={9},
  year={2004}
}

@inproceedings{osadchy2010scifi,
  title={Scifi-a system for secure face identification},
  author={Osadchy, Margarita and Pinkas, Benny and Jarrous, Ayman and Moskovich, Boaz},
  booktitle={Security and Privacy (SP), 2010 IEEE Symposium on},
  pages={239--254},
  year={2010},
  organization={IEEE}
}

@inproceedings{monrose2001cryptographic,
  title={Cryptographic key generation from voice},
  author={Monrose, Fabian and Reiter, Michael K and Li, Qi and Wetzel, Susanne},
  booktitle={Security and Privacy, 2001. S\&P 2001. Proceedings. 2001 IEEE Symposium on},
  pages={202--213},
  year={2001},
  organization={IEEE}
}

@inproceedings{ballard2008practical,
  title={The practical subtleties of biometric key generation},
  author={Ballard, Lucas and Kamara, Seny and Reiter, Michael K},
  booktitle={Proceedings of 17th Conference on Security Symposium},
  pages={61--74},
  year={2008}
}


@article{yang1999password,
  title={Password authentication schemes with smart cards},
  author={Yang, Wen-Her and Shieh, Shiuh-Pyng},
  journal={Computers \& Security},
  volume={18},
  number={8},
  pages={727--733},
  year={1999},
  publisher={Elsevier}
}

@incollection{clair2006password,
  title={Password exhaustion: Predicting the end of password usefulness},
  author={Clair, Luke St and Johansen, Lisa and Enck, William and Pirretti, Matthew and Traynor, Patrick and McDaniel, Patrick and Jaeger, Trent},
  booktitle={Information Systems Security},
  pages={37--55},
  year={2006},
  publisher={Springer}
}

@inproceedings{halderman2005convenient,
  title={A convenient method for securely managing passwords},
  author={Halderman, J Alex and Waters, Brent and Felten, Edward W},
  booktitle={Proceedings of the 14th international conference on World Wide Web},
  pages={471--479},
  year={2005},
  organization={ACM}
}



@misc{rainbowtable,
  key       = "rainbowtable",
  title     = "{Rainbow Table -- Wikipedia}",
  note      = "{\url{http://en.wikipedia.org/wiki/Rainbow_table}}",
}

@inproceedings{sae2012biometric,
  title={Biometric-rich gestures: a novel approach to authentication on multi-touch devices},
  author={Sae-Bae, Napa and Ahmed, Kowsar and Isbister, Katherine and Memon, Nasir},
  booktitle={Proceedings of the 2012 ACM annual conference on human factors in computing systems},
  pages={977--986},
  year={2012},
  organization={ACM}
}


@TechReport{miranteTR13,
   Author       = "Dennis Mirante and Justin Cappos",
   Title        = "{Understanding Password Database Compromises}",
   Institution  = "NYU Poly",
   Number       = "TR--CSE--2013--02",
   Month        = SEPTEMBER,
   Year         = 2013
}


@misc{passwordresearchblog,
  key       = "PasswordResearch",
  author    = "Bruce K. Marshall",
  title     = "{PasswordResearch.com Authentication News: Passwords Found in the Wild for January 2013}",
  note      = "{\url{http://blog.passwordresearch.com/2013/02/passwords-found-in-wild-for-january-2013.html}}",
}


@inproceedings{Yang_compsac_02,
 author = {Yang, Erica Y. and Xu, Jie and Bennett, Keith H.},
 title = {Private Information Retrieval in the Presence of Malicious Failures},
 booktitle = {Proceedings of the 26th International Computer Software and Applications Conference on Prolonging Software Life: Development and Redevelopment},
 series = {COMPSAC '02},
 year = {2002},
 isbn = {0-7695-1727-7},
 pages = {805--812},
 numpages = {8},
 url = {http://dl.acm.org/citation.cfm?id=645984.675555},
 acmid = {675555},
 publisher = {IEEE Computer Society},
 address = {Washington, DC, USA},
 keywords = {Distributed systems, fault tolerance, malicious failures, privacy protection, private information retrieval, secret sharing, security},
}

@article{carpentieri1995perfect,
  title={A perfect threshold secret sharing scheme to identify cheaters},
  author={Carpentieri, Marco},
  journal={Designs, Codes and Cryptography},
  volume={5},
  number={3},
  pages={183--187},
  year={1995},
  publisher={Springer}
}

@inproceedings{juels2013honeywords,
  title={Honeywords: making password-cracking detectable},
  author={Juels, Ari and Rivest, Ronald L},
  booktitle={Proceedings of the 2013 ACM SIGSAC conference on Computer \& communications security},
  pages={145--160},
  year={2013},
  organization={ACM}
}



@inproceedings{Kontaxis_CCS_2013,
 author = {Kontaxis, Georgios and Athanasopoulos, Elias and Portokalidis, Georgios and Keromytis, Angelos D.},
 title = {SAuth: Protecting User Accounts from Password Database Leaks},
 booktitle = {Proceedings of the 2013 ACM SIGSAC Conference on Computer \&\#38; Communications Security},
 series = {CCS '13},
 year = {2013},
 isbn = {978-1-4503-2477-9},
 location = {Berlin, Germany},
 pages = {187--198},
 numpages = {12},
 url = {http://doi.acm.org/10.1145/2508859.2516746},
 doi = {10.1145/2508859.2516746},
 acmid = {2516746},
 publisher = {ACM},
 address = {New York, NY, USA},
 keywords = {authentication, decoys, password leak, synergy},
}


@misc{bancommonpasswords,
  key       = "bancommonpasswords",
  title     = "{Hotmail banning common passwords to beef up security | Ars Technica}",
  note      = "{\url{http://arstechnica.com/information-technology/2011/07/hotmail-banning-common-passwords-to-beef-up-security/}}",
}

@misc{sonyhack,
  key       = "sonyhack",
  title     = "{Sony PlayStation suffers massive data breach | Reuters}",
  note      = "{\url{http://www.reuters.com/article/2011/04/26/us-sony-stoldendata-idUSTRE73P6WB20110426}}",
}


@misc{passwordstrength,
  key       = "passwordstrength",
  author    = "Dan Wheeler",
  title     = "{DropBox Tech Blog | zxcvbn: realistic password strength estimation}",
  note      = "{\url{https://tech.dropbox.com/2012/04/zxcvbn-realistic-password-strength-estimation/}}",
}


@misc{computersexisting,
  key       = "computersexisting",
  title     = "{Forecast: Devices by Operating System and User Type, Worldwide, 2010-2017, 3Q13 Update.}",
  note      = "{\url{http://www.gartner.com/resId=2596420}}",
}


@misc{universeage,
  key       = "universeage",
  title     = "{Age of the Universe -- Wikipedia, the free encyclopedia}",
  note      = "{\url{https://en.wikipedia.org/wiki/Age_of_the_universe}}",
}

@misc{mechanicalerrors,
    key     = "Basic Error Rates",
    title   = "Basic Error Rates",
    note    = "{\url{http://panko.shidler.hawaii.edu/HumanErr/Basic.htm}}",
}

@misc{passwordlength,
  key       = "passwordlength",
  author       = "Georgia Tech Research Institute",
  title     = "{Teraflop Troubles: The Power of Graphics Processing Units May Threaten the World’s Password Security System}",
  note      = "{\url{http://www.gtri.gatech.edu/casestudy/Teraflop-Troubles-Power-Graphics-Processing-Units-GPUs-Password-Security-System}}",
}

@misc{passwordhardwaredongle,
  key       = "passwordhardwaredongle",
  title     = "{University of Cambridge Develops Potentially More Secure Password Storage System}",
  note      = "{\url{http://it.slashdot.org/story/14/03/11/002206/university-of-cambridge-develops-potentially-more-secure-password-storage-system}}",
}

@article{mckeen2013innovative,
  title={Innovative instructions and software model for isolated execution},
  author={McKeen, Frank and Alexandrovich, Ilya and Berenzon, Alex and Rozas, Carlos V and Shafi, Hisham and Shanbhogue, Vedvyas and Savagaonkar, Uday R},
  journal={HASP},
  volume={13},
  pages={10},
  year={2013}
}

@inproceedings{malone2012passwordchoices,
 author = {Malone, David and Maher, Kevin},
 title = {Investigating the Distribution of Password Choices},
 booktitle = {Proceedings of the 21st International Conference on World Wide Web},
 series = {WWW '12},
 year = {2012},
 isbn = {978-1-4503-1229-5},
 location = {Lyon, France},
 pages = {301--310},
 numpages = {10},
 url = {http://doi.acm.org/10.1145/2187836.2187878},
 doi = {10.1145/2187836.2187878},
 acmid = {2187878},
 publisher = {ACM},
 address = {New York, NY, USA},
 keywords = {dictionary attack, distribution, passwords, zipf},
}

@inproceedings{weir2010passwordpolicies,
     author = {Weir, Matt and Aggarwal, Sudhir and Collins, Michael and Stern, Henry},
     title = {Testing Metrics for Password Creation Policies by Attacking Large Sets of Revealed Passwords},
     booktitle = {Proceedings of the 17th ACM Conference on Computer and Communications Security},
     series = {CCS '10},
     year = {2010},
     isbn = {978-1-4503-0245-6},
     location = {Chicago, Illinois, USA},
     pages = {162--175},
     numpages = {14},
     url = {http://doi.acm.org/10.1145/1866307.1866327},
     doi = {10.1145/1866307.1866327},
     acmid = {1866327},
     publisher = {ACM},
     address = {New York, NY, USA},
     keywords = {cybercrime, password cracking, password policies},
}

@inproceedings{das2014passwordreuse,
  author    = {Anupam Das and
               Joseph Bonneau and
               Matthew Caesar and
               Nikita Borisov and
               XiaoFeng Wang},
  title     = {The Tangled Web of Password Reuse},
  booktitle = {21st Annual Network and Distributed System Security Symposium, {NDSS}
               2014, San Diego, California, USA, February 23-26, 2014},
  year      = {2014},
  crossref  = {DBLP:conf/ndss/2014},
  url       = {http://www.internetsociety.org/doc/tangled-web-password-reuse},
  timestamp = {Sun, 12 Apr 2015 11:10:30 +0200},
  biburl    = {http://dblp.uni-trier.de/rec/bib/conf/ndss/DasBCBW14},
  bibsource = {dblp computer science bibliography, http://dblp.org}
}


@inproceedings{cormac2014userentropy,
    author = {Dinei Flor{\^e}ncio and Cormac Herley and Paul C. van Oorschot},
    title = {An Administrator{\textquoteright}s Guide to Internet Password Research},
    booktitle = {28th Large Installation System Administration Conference (LISA14)},
    year = {2014},
    month = Nov,
    isbn = {978-1-931971-17-1},
    address = {Seattle, WA},
    pages = {44--61},
    url = {https://www.usenix.org/conference/lisa14/conference-program/presentation/florencio},
    publisher = {USENIX Association},
}

@inproceedings{cormac2014passwordportfolio,
    author = {Dinei Flor{\^e}ncio and Cormac Herley and Paul C. van Oorschot},
    title = {Password Portfolios and the Finite-Effort User: Sustainably Managing Large Numbers of Accounts},
    booktitle = {23rd USENIX Security Symposium (USENIX Security 14)},
    year = {2014},
    month = Aug,
    isbn = {978-1-931971-15-7},
    address = {San Diego, CA},
    pages = {575--590},
    url = {https://www.usenix.org/conference/usenixsecurity14/technical-sessions/presentation/florencio},
    publisher = {USENIX Association},
}

@inproceedings{cormac2014telepathwords,
author = {Saranga Komanduri and Richard Shay and Lorrie Faith Cranor and Cormac Herley and Stuart Schechter},
title = {Telepathwords: Preventing Weak Passwords by Reading Users{\textquoteright} Minds},
booktitle = {23rd USENIX Security Symposium (USENIX Security 14)},
year = {2014},
month = Aug,
isbn = {978-1-931971-15-7},
address = {San Diego, CA},
pages = {591--606},
url = {https://www.usenix.org/conference/usenixsecurity14/technical-sessions/presentation/komanduri},
publisher = {USENIX Association},
}

@inproceedings{cormac2007passwordhabits,
author       = {Dinei Florencio and Cormac Herley},
booktitle    = {Proceedings of the 16th international conference on the World Wide Web},
month        = {May},
pages        = {657-666},
publisher    = {Association for Computing Machinery, Inc.},
title        = {A Large-Scale Study of Web Password Habits},
url          = {http://research.microsoft.com/apps/pubs/default.aspx?id=74164},
year         = {2007},
}

@inproceedings{ur2012passwordmeters,
    author = {Blase Ur and Patrick Gage Kelley and Saranga Komanduri and Joel Lee and Michael Maass and Michelle L. Mazurek and Timothy Passaro and Richard Shay and Timothy Vidas and Lujo Bauer and Nicolas Christin and Lorrie Faith Cranor},
    title = {How Does Your Password Measure Up? The Effect of Strength Meters on Password Creation},
    booktitle = {Presented as part of the 21st USENIX Security Symposium (USENIX Security 12)},
    year = {2012},
    isbn = {978-931971-95-9},
    address = {Bellevue, WA},
    pages = {65--80},
    url = {https://www.usenix.org/conference/usenixsecurity12/technical-sessions/presentation/ur},
    publisher = {USENIX},
}

@proceedings{brush2014pico,
 title = {UbiComp '14 Adjunct: Proceedings of the 2014 ACM International Joint Conference on Pervasive and Ubiquitous Computing: Adjunct Publication},
 year = {2014},
 isbn = {978-1-4503-3047-3},
 location = {Seattle, Washington},
 publisher = {ACM},
 address = {New York, NY, USA},
}

@article{blocki2013gotcha,
  author    = {Jeremiah Blocki and
               Manuel Blum and
               Anupam Datta},
  title     = {{GOTCHA} Password Hackers!},
  journal   = {CoRR},
  volume    = {abs/1310.1137},
  year      = {2013},
  url       = {http://arxiv.org/abs/1310.1137},
  timestamp = {Mon, 04 Nov 2013 15:55:45 +0100},
  biburl    = {http://dblp.uni-trier.de/rec/bib/journals/corr/BlockiBD13},
  bibsource = {dblp computer science bibliography, http://dblp.org}
}

@misc{yubikeyhardware,
    title="Yubikey hardware",
    author="Yubico",
    note="{\url{https://www.yubico.com/products/yubikey-hardware/}}"
}


@misc{leakedin,
    title="Stories About Data Leaks and Related Stuff",
    author="LeakedIn",
    note="{\url{https://www.leakedin.com}}"
}

@misc{canarypw,
    title="A Search Engine Designed to look through text that has been posted on public services like Pastebin",
    author="CanaryPW",
    note="{\url{https://canary.pw}}"
}

@misc{pastebindorks,
    title="I'm a bot in alpha, posting links to potentially interesting pastebin posts",
    author="Exploitaration",
    note="{\url{http://www.exploitaration.net/projects/pastebin}}"
}

@misc{dumpmonitor,
    title="Hi There! I'm a bot which monitors multiple paste sites for password dumps and other sensitive information",
    author="Dump Monitor",
    note="{\url{https://twitter.com/dumpmon}}"
}

@misc{redactedPPHthresholdsite,
    title="Redacted for anonymous submission",
}


@misc{redactedPPHslashdot,
    title="Redacted for anonymous submission",
}

@misc{redactedPPHlogin,
    title="Redacted for anonymous submission",
}

@misc{redactedPPHarticle,
    title="Redacted for anonymous submission",
}

@misc{fail2ban,
    title="Fail2ban wiki",
    author="Fail2ban",
    note="{\url{https://fail2ban.org}}"
}


@misc{denyHosts,
    title="Welcome to deny hosts",
    author="Phil Schwartz",
    note="{\url{http://denyhosts.sourceforge.net/}}"
}

@article{passwordcrackinggameofwits,
    author = {Seeley, Donn},
    title = {Password Cracking: A Game of Wits},
    journal = {Commun. ACM},
    issue_date = {June 1989},
    volume = {32},
    number = {6},
    month = jun,
    year = {1989},
    issn = {0001-0782},
    pages = {700--703},
    numpages = {4},
    url = {http://doi.acm.org/10.1145/63526.63529},
    doi = {10.1145/63526.63529},
    acmid = {63529},
    publisher = {ACM},
    address = {New York, NY, USA},
}


@incollection{canneti2006HOSP,
    year={2006},
    isbn={978-3-540-37432-9},
    booktitle={Advances in Cryptology - CRYPTO 2006},
    volume={4117},
    series={Lecture Notes in Computer Science},
    editor={Dwork, Cynthia},
    doi={10.1007/11818175_10},
    title={Mitigating Dictionary Attacks on Password-Protected Local Storage},
    url={http://dx.doi.org/10.1007/11818175_10},
    publisher={Springer Berlin Heidelberg},
    author={Canetti, Ran and Halevi, Shai and Steiner, Michael},
    pages={160-179},
    language={English}
}

@misc{rockyouleak,
    title="RockYou Hack: From Bad To Worse",
    author="Techcrunch",
    note="{\url{http://techcrunch.com/2009/12/14/rockyou-hack-security-myspace-facebook-passwords/}}"
}

@misc{phpbbleak,
    title="Security Archive – Case Study: phpbb.com Compromised",
    author="Sucuri Blog",
    note="{\url{https://blog.sucuri.net/2013/09/security-case-study-archive-phpbb-com.html}}"
}

@misc{gmailleak,
    title="5 Million Gmail Usernames, Passwords Hacked And Posted To Russian Bitcoin Forum",
    author="International Business Times",
    note="{\url{http://www.ibtimes.com/5-million-gmail-usernames-passwords-hacked-posted-russian-bitcoin-forum-report-1684368}}"
}

@article{noisyInterpolation,
    year={2005},
    issn={0938-1279},
    journal={Applicable Algebra in Engineering, Communication and Computing},
    volume={16},
    number={5},
    doi={10.1007/s00200-005-0180-1},
    title={Noisy interpolation of sparse polynomials in finite fields},
    url={http://dx.doi.org/10.1007/s00200-005-0180-1},
    publisher={Springer-Verlag},
    keywords={Noisy interpolation; Sparse polynomials; Exponential sums; Finite fields; Hidden number problem; Lattice reduction},
    author={Shparlinski, Igor and Winterhof, Arne},
    pages={307-317},
    language={English}
}

 BibTeX | EndNote | ACM Ref

@article{McEliece1981thresholdcrypto,
 author = {McEliece, R. J. and Sarwate, D. V.},
 title = {On Sharing Secrets and Reed-Solomon Codes},
 journal = {Commun. ACM},
 issue_date = {Sept. 1981},
 volume = {24},
 number = {9},
 month = sep,
 year = {1981},
 issn = {0001-0782},
 pages = {583--584},
 numpages = {2},
 url = {http://doi.acm.org/10.1145/358746.358762},
 doi = {10.1145/358746.358762},
 acmid = {358762},
 publisher = {ACM},
 address = {New York, NY, USA},
 keywords = {Reed-Solomon codes, cryptography, interpolation, key management, privacy, secret sharing systems},
}


